@article{GMZ08, 
	Author = {Z. Gao and Y. Ma and H. Zhuang},
	Date-Added = {2017-06-22 10:50:55 +0000},
	Date-Modified = {2017-06-22 10:56:34 +0000},
	Journal = {Applied Numerical Mathematics},
	Month = {June},
	Pages = {827-844},
	Title = {Drag minimization for Stokes flow},
	Volume = {58},
	Year = {2008}}

@book{GR86,
	Author = {V. Girault and P.A Raviart},
	Date-Added = {2014-10-15 16:13:20 +0000},
	Date-Modified = {2014-10-15 16:16:10 +0000},
	Publisher = {Springer Verlag},
	Title = {Finite Element Methods for Navier-Stokes Equations},
	Year = {1986}}

@article{APV14,
	Author = {R. Araya and A. H. Poza and Fr{\'e}d{\'e}ric Valentin},
	Date-Added = {2014-10-09 00:24:50 +0000},
	Date-Modified = {2014-10-09 00:47:12 +0000},
	Journal = {Adv Comput Math},
	Title = {An adaptive residual local projection finite element method for the \text{Navier--Stokes} equations},
	Year = {2014}}

@article{ABPV12,
	Author = {R. Araya and G. R. Barrenechea and A. H. Poza and F. Valentin},
	Date-Added = {2014-10-09 00:16:15 +0000},
	Date-Modified = {2014-10-09 00:47:46 +0000},
	Journal = {SIAM J. Numer. Anal.},
	Number = {2},
	Pages = {669-699},
	Title = {Convergence analysis of a residual local projection finite element method for the \text{Navier-Stokes} equations.},
	Volume = {50},
	Year = {2012}}

@article{BV14,
	Author = {A. Bernard-Champmartina and F. de Vuyst},
	Date-Added = {2014-10-08 15:37:44 +0000},
	Date-Modified = {2014-10-08 16:58:32 +0000},
	Journal = {Journal of Computational Physics},
	Pages = {19-49},
	Title = {A low diffusive \text{Lagrange-remap} scheme for the simulation of violent air--water free-surface flows},
	Volume = {274},
	Year = {2014}}

@article{ADH11,
	Author = {F. Alouges and A. DeSimone and L. Heltai},
	Date-Added = {2014-10-08 13:27:57 +0000},
	Date-Modified = {2014-10-09 02:55:51 +0000},
	Journal = {Math. Models Methods Appl. Sci.},
	Number = {2},
	Pages = {361-387},
	Title = {Numerical Strategies for Stroke Optimization of Axisymmetric Microswimmers},
	Volume = {21},
	Year = {2011}}

@article{NGK74,
	Author = {S. Narayanan and L.H.J. Goossens and N.W.F. Kossen},
	Date-Added = {2014-10-07 12:55:32 +0000},
	Date-Modified = {2014-10-07 14:41:10 +0000},
	Journal = {Chemical Engineering Science},
	Pages = {2071-2082},
	Title = {Coalescence of two bubbles rising in line at low \text{Reynolds} numbers},
	Volume = {29},
	Year = {1974}}

@book{NW06,
	Author = {J. Nocedal and S. Wright},
	Publisher = {Springer},
	Title = {Numerical Optimization},
	Year = {2006}}

@article{CL98,
	Author = {L. Chen and Y. Li},
	Date-Added = {2014-10-07 12:38:32 +0000},
	Date-Modified = {2014-10-07 12:45:38 +0000},
	Journal = {\text{Environmental Modelling \& Software}},
	Number = {247-255},
	Title = {A numerical method for two-phase flows with an interface},
	Volume = {13},
	Year = {1998}}

@book{Gun03,
	Author = {M.D. Gunzburger},
	Date-Added = {2014-09-22 14:40:55 +0000},
	Date-Modified = {2014-10-07 19:34:36 +0000},
	Publisher = {SIAM},
	Series = {Advances in Design and Control},
	Title = {Perspectives in Flow Control and Optimization},
	Year = {2003}}

@article{OOB06,
	Author = {L.H. Olesen and F. Okkels and H. Bruus},
	Date-Added = {2014-09-19 15:30:27 +0000},
	Date-Modified = {2014-10-03 13:42:14 +0000},
	Journal = {International Journal for Numerical Methods in Engineering},
	Number = {7},
	Pages = {975-1001},
	Title = {A high-level programming-language implementation of topology optimization applied to steady-state \text{Navier-Stokes} flow},
	Volume = {65},
	Year = {2006}}

@article{WKB07,
	Author = {N. Wiker and A. Klarbring and T. Borrvall},
	Date-Added = {2014-09-19 15:14:32 +0000},
	Date-Modified = {2014-09-24 05:27:20 +0000},
	Journal = {International Journal for Numerical Methods in Engineering},
	Pages = {1374-1404},
	Title = {Topology optimization of regions of \text{Darcy} and \text{Stokes} flow},
	Volume = {69},
	Year = {2007}}

@article{BN88,
	Author = {M.P. Bends{\o}e and N. Kikuchi},
	Date-Added = {2014-09-19 14:22:58 +0000},
	Date-Modified = {2014-09-19 14:24:56 +0000},
	Journal = {Computer Methods in Applied Mechanics and Engineering},
	Pages = {197-224},
	Title = {Generating Optimal Topologies in Structural Design using a Homogenization method},
	Volume = {71},
	Year = {1988}}

@incollection{Ben95,
	Author = {M.P. Bends{\o}e},
	Booktitle = {Shape and Material},
	Date-Added = {2014-09-19 14:19:53 +0000},
	Date-Modified = {2014-09-19 14:22:02 +0000},
	Publisher = {Springer- Verlag, New York},
	Title = {Methods for Optimization of Structural Topology},
	Year = {1995}}

@article{ABFJ97,
	Author = {G. Allaire and E. Bonnetier and G. Francfort and F. Jouve},
	Date-Added = {2014-09-19 14:16:08 +0000},
	Date-Modified = {2014-09-19 14:19:28 +0000},
	Journal = {Numer. Math.},
	Pages = {27-68},
	Title = {Shape optimization by the homogenization method},
	Volume = {76},
	Year = {1997}}

@article{CIL92,
	Author = {M. Crandall and H. Ishii and P. Lions},
	Date-Modified = {2014-09-23 22:32:50 +0000},
	Journal = {Bull. Amer. Math. Soc.},
	Pages = {1-67},
	Title = {User's guide to viscosity solutions of second order partial differential equations},
	Volume = {27},
	Year = {1992}}

@incollection{DT08a,
	Author = {Dervieux, A. and Thomasset, F.},
	Booktitle = {Approximation methods for {N}avier-{S}tokes problems ({P}roc. {S}ympos., {U}niv. {P}aderborn, {P}aderborn, 1979)},
	Date-Modified = {2014-09-18 16:54:48 +0000},
	Mrclass = {76E99 (65N30)},
	Mrnumber = {565994 (81c:76024)},
	Mrreviewer = {V. Girault},
	Pages = {145-158},
	Publisher = {Springer, Berlin},
	Series = {Lecture Notes in Math.},
	Title = {A finite element method for the simulation of a {R}ayleigh-{T}aylor instability},
	Volume = {771},
	Year = {1980}}

@inbook{GLO03,
	Author = {R. Glowinski},
	Booktitle = {Numerical Methods for Fluids},
	Publisher = {North-Holland},
	Series = {Handbook in Numerical Analysis},
	Title = {Finite Element Methods for Incompressible Viscous Flows},
	Volume = {9},
	Year = {2003}}

@incollection{DT80,
	Author = {A. Dervieux and F. Thomasset},
	Booktitle = {Approximation Methods for \text{Navier-Stokes} problems},
	Date-Modified = {2014-09-23 22:38:05 +0000},
	Pages = {145-158},
	Publisher = {Springer-Verlag, Berlin},
	Series = {Lecture Notes in Mathematics},
	Title = {A finite element method for the simulation of a \text{Rayleigh-Taylor} instablity},
	Volume = {771},
	Year = {1980}}

@article{GT94,
	Author = {Y. Giga and S. Takahashi},
	Date-Added = {2014-09-18 16:22:56 +0000},
	Date-Modified = {2014-09-23 22:43:03 +0000},
	Journal = {SIAM J. Math. Anal.},
	Pages = {876-893},
	Title = {On global weak solutions of the nonstationary two-phase \text{Stokes} flow},
	Volume = {25},
	Year = {1994}}

@article{GT09,
	Author = {S. Ganesan and L. Tobiska},
	Date-Added = {2014-09-18 16:20:08 +0000},
	Date-Modified = {2014-09-23 22:43:44 +0000},
	Journal = {J. Comp. Phys.},
	Pages = {2859-2873},
	Title = {A coupled arbitrary \text{Lagrangian-Eulerian} and \text{Lagrangian} method for computation of free surface flows with insoluble surfactants},
	Volume = {228},
	Year = {2009}}

@article{BEH01,
	Author = {M. Behr},
	Date-Added = {2014-09-18 16:18:37 +0000},
	Date-Modified = {2014-09-18 16:20:03 +0000},
	Journal = {Comm. Numer. Meth. Engrg.},
	Pages = {813-819},
	Title = {Stabilized space-time finite element formulations for free-surface flows},
	Volume = {11},
	Year = {2001}}

@article{Bae01,
	Author = {E. Baensch},
	Date-Added = {2014-09-18 16:16:31 +0000},
	Date-Modified = {2014-09-23 22:21:19 +0000},
	Journal = {Numer. Math.},
	Pages = {203-235},
	Title = {Finite element discretization of the \text{Navier-Stokes} equations with a free capillary surface},
	Volume = {88},
	Year = {2001}}

@article{Tan93,
	Author = {N. Tanaka},
	Date-Added = {2014-09-18 16:13:02 +0000},
	Date-Modified = {2014-09-18 16:16:12 +0000},
	Journal = {Comm. in Partial Differential Equations},
	Pages = {41-81},
	Title = {Global existence of two-phase nonhomogeneous viscous incompressible fluid flow},
	Volume = {18},
	Year = {1993}}

@article{Den94,
	Author = {I. Denisova},
	Date-Added = {2014-09-18 16:13:01 +0000},
	Date-Modified = {2014-09-18 16:14:18 +0000},
	Journal = {Acta Appl. Math.},
	Pages = {31-40},
	Title = {Problem of the motion of two viscous incompressible fluids separated by a closed free interface},
	Volume = {37},
	Year = {1994}}

@article{DMZ08b,
	Author = {X. Duan and Y. Ma and R. Zhang},
	Date-Added = {2014-09-18 15:03:42 +0000},
	Date-Modified = {2014-09-23 22:35:18 +0000},
	Journal = {Journal of Computational and Applied Mathematics},
	Pages = {487-499},
	Title = {Shape-topology optimization for \text{Navier-Stokes} problem using variational level set method},
	Volume = {222},
	Year = {2008}}

@article{KHC09,
	Author = {M.G. Kim and S.H. Ha and S. Cho},
	Date-Added = {2014-09-18 14:55:46 +0000},
	Date-Modified = {2014-09-18 14:57:13 +0000},
	Journal = {Mech. Based Design Struct. Machines},
	Pages = {550-582},
	Title = {Level Set--Based Topological Shape Optimization of Nonlinear Heat Conduction Problems Using Topological Derivatives},
	Volume = {37},
	Year = {2009}}

@article{HC08,
	Author = {S.H. Ha and S. Cho},
	Date-Added = {2014-09-18 14:51:58 +0000},
	Date-Modified = {2014-09-18 14:55:09 +0000},
	Journal = {Numerical Heat Transfer, part B},
	Pages = {454-475},
	Title = {Level Set-Based Topological Shape Optimization of Nonlinear Heat Conduction Problems},
	Volume = {54},
	Year = {2008}}

@article{ZL08,
	Author = {S. Zhou and Q. Li},
	Date-Added = {2014-09-18 14:34:52 +0000},
	Date-Modified = {2014-09-24 05:30:13 +0000},
	Journal = {Journal of Computational Physics},
	Pages = {10178-10195},
	Title = {A variational level set method for the topology optimization of steady-state \text{Navier-Stokes} flow},
	Volume = {227},
	Year = {2008},
	Bdsk-File-1 = {YnBsaXN0MDDUAQIDBAUGJCVYJHZlcnNpb25YJG9iamVjdHNZJGFyY2hpdmVyVCR0b3ASAAGGoKgHCBMUFRYaIVUkbnVsbNMJCgsMDxJXTlMua2V5c1pOUy5vYmplY3RzViRjbGFzc6INDoACgAOiEBGABIAFgAdccmVsYXRpdmVQYXRoWWFsaWFzRGF0YV8QmC4uLy4uLy4uL3JlZmVyZW5jZS9TaGFwZU9wdGltaXphdGlvbi9HaWxsZXMvWmhvdSwgTGlfQSB2YXJpYXRpb25hbCBsZXZlbCBzZXQgbWV0aG9kIGZvciB0aGUgdG9wb2xvZ3kgb3B0aW1pemF0aW9uIG9mIHN0ZWFkeS1zdGF0ZSBOYXZpZXItU3Rva2VzIGZsb3cucGRm0hcLGBlXTlMuZGF0YU8RAtwAAAAAAtwAAgAADE1hY2ludG9zaCBIRAAAAAAAAAAAAAAAAAAAAMjDjCdIKwAAAidRTB9aaG91LCBMaV9BIHZhcmlhdGlvIzIyNzUxN0MucGRmAAAAAAAAAAAAAAAAAAAAAAAAAAAAAAAAAAAAAAAAAAACJ1F8zRODqgAAAAAAAAAAAAMABAAACSAAAAAAAAAAAAAAAAAAAAAGR2lsbGVzABAACAAAyMMptwAAABEACAAAzRMhOgAAAAEAFAInUUwB5UkfAWYU7gFSDZoAAJZCAAIAXk1hY2ludG9zaCBIRDpVc2VyczoAbWFpOgByZWZlcmVuY2U6AFNoYXBlT3B0aW1pemF0aW9uOgBHaWxsZXM6AFpob3UsIExpX0EgdmFyaWF0aW8jMjI3NTE3Qy5wZGYADgDaAGwAWgBoAG8AdQAsACAATABpAF8AQQAgAHYAYQByAGkAYQB0AGkAbwBuAGEAbAAgAGwAZQB2AGUAbAAgAHMAZQB0ACAAbQBlAHQAaABvAGQAIABmAG8AcgAgAHQAaABlACAAdABvAHAAbwBsAG8AZwB5ACAAbwBwAHQAaQBtAGkAegBhAHQAaQBvAG4AIABvAGYAIABzAHQAZQBhAGQAeQAtAHMAdABhAHQAZQAgAE4AYQB2AGkAZQByAC0AUwB0AG8AawBlAHMAIABmAGwAbwB3AC4AcABkAGYADwAaAAwATQBhAGMAaQBuAHQAbwBzAGgAIABIAEQAEgCZVXNlcnMvbWFpL3JlZmVyZW5jZS9TaGFwZU9wdGltaXphdGlvbi9HaWxsZXMvWmhvdSwgTGlfQSB2YXJpYXRpb25hbCBsZXZlbCBzZXQgbWV0aG9kIGZvciB0aGUgdG9wb2xvZ3kgb3B0aW1pemF0aW9uIG9mIHN0ZWFkeS1zdGF0ZSBOYXZpZXItU3Rva2VzIGZsb3cucGRmAAATAAEvAAAVAAIACv//AACABtIbHB0eWiRjbGFzc25hbWVYJGNsYXNzZXNdTlNNdXRhYmxlRGF0YaMdHyBWTlNEYXRhWE5TT2JqZWN00hscIiNcTlNEaWN0aW9uYXJ5oiIgXxAPTlNLZXllZEFyY2hpdmVy0SYnVHJvb3SAAQAIABEAGgAjAC0AMgA3AEAARgBNAFUAYABnAGoAbABuAHEAcwB1AHcAhACOASkBLgE2BBYEGAQdBCgEMQQ/BEMESgRTBFgEZQRoBHoEfQSCAAAAAAAAAgEAAAAAAAAAKAAAAAAAAAAAAAAAAAAABIQ=}}

@article{DMZ08a,
	Author = {X.B Duan and Y.C Ma and R. Zhang},
	Date-Added = {2014-09-18 12:59:43 +0000},
	Date-Modified = {2014-10-03 13:35:24 +0000},
	Journal = {Applied Mathematics and Computation},
	Pages = {200-209},
	Title = {Shape-topology optimization of \text{Stokes} flow via variational level set method},
	Volume = {202},
	Year = {2008}}

@article{LSQX99,
	Author = {Q. Li and G.P. Steven and O.M. Querin and Y.M. Xie},
	Date-Added = {2014-09-18 12:44:18 +0000},
	Date-Modified = {2014-09-18 12:46:38 +0000},
	Journal = {International Journal of Heat and Mass Transfer},
	Pages = {3361-3371},
	Title = {Shape and Topology Design for Heat Conduction by Evolutionary Structural Optimization},
	Volume = {42},
	Year = {1999}}

@article{PCL03,
	Author = {K. Park and D.H. Choi and K.S. Lee},
	Date-Added = {2014-09-18 12:42:12 +0000},
	Date-Modified = {2014-09-18 12:44:04 +0000},
	Journal = {Numerical Heat Transfer, part A},
	Pages = {909-927},
	Title = {Numerical Shape Optimization for High Performance of a Heat Sink with Pin-Fins},
	Volume = {46},
	Year = {2003}}

@article{NPR06,
	Author = {E. Nobile and F. Pinto and G. Rizzetto},
	Date-Added = {2014-09-18 12:39:38 +0000},
	Date-Modified = {2014-09-18 12:42:09 +0000},
	Journal = {Numerical Heat Transfer, part B},
	Pages = {425-453},
	Title = {Geometric Parameterization and Multiobjective Shape Optimization of Convective Periodic Channels},
	Volume = {50},
	Year = {2006}}

@article{HMY03,
	Author = {S.Y. Han and J.S. Maeng and D.H. Yoo},
	Date-Added = {2014-09-18 12:36:33 +0000},
	Date-Modified = {2014-09-18 12:39:12 +0000},
	Journal = {Numerical Heat Transfer, part B},
	Pages = {87-98},
	Title = {Shape Optimization of Cutoff in a Multiblade Fan/Scroll System Using Response Surface Methodology},
	Volume = {43},
	Year = {2003}}

@article{YPG01,
	Author = {M. Younes and A. Potiron and A. Genetic},
	Date-Added = {2014-09-18 12:34:55 +0000},
	Date-Modified = {2014-09-18 12:49:17 +0000},
	Journal = {Numerical Heat Transfer part A},
	Pages = {449-470},
	Title = {Algorithm for the Shape Optimization of Parts Subjected to Thermal Loading},
	Volume = {39},
	Year = {2001}}

@article{Mer98,
	Author = {R.A Meric},
	Date-Added = {2014-09-18 12:30:32 +0000},
	Date-Modified = {2014-09-18 12:34:49 +0000},
	Journal = {Numerical Heat Transfer part A},
	Pages = {185-203},
	Title = {Shape Design Sensitivity Analysis and Optimization for Nonolinear Heat and Electric Conduction Problems},
	Volume = {34},
	Year = {1998}}

@article{SK96,
	Author = {A. Sluzalec and M. Kleiber},
	Date-Added = {2014-09-18 12:28:14 +0000},
	Date-Modified = {2014-09-18 12:30:07 +0000},
	Journal = {International Journal of Heat anh Mass Transfer},
	Pages = {2609-2613},
	Title = {Shape Sensitivity Analysis for Nonlinear Steady-State Heat Conduction Problems},
	Volume = {39},
	Year = {1996}}

@article{AJT02,
	Author = {G. Allaire and F. Jouve and A.M. Toader},
	Date-Added = {2014-09-18 12:19:55 +0000},
	Date-Modified = {2014-09-18 12:21:30 +0000},
	Journal = {C.R. Acad. Sci. Paris, Serie I},
	Pages = {1125-1130},
	Title = {A level-set method for shape optimization},
	Volume = {334},
	Year = {2002}}

@article{APGS08,
	Author = {N. Aage and T.H. Poulsen and A. Gersborg-Hansen and O. Sigmund},
	Date-Added = {2014-09-17 16:53:07 +0000},
	Date-Modified = {2014-09-23 21:26:47 +0000},
	Journal = {Struct Multidisc Optim},
	Pages = {175-180},
	Title = {Topology optimization of large scale \text{Stokes} flow problems},
	Volume = {35},
	Year = {2008},
	Bdsk-File-1 = {YnBsaXN0MDDUAQIDBAUGJCVYJHZlcnNpb25YJG9iamVjdHNZJGFyY2hpdmVyVCR0b3ASAAGGoKgHCBMUFRYaIVUkbnVsbNMJCgsMDxJXTlMua2V5c1pOUy5vYmplY3RzViRjbGFzc6INDoACgAOiEBGABIAFgAdccmVsYXRpdmVQYXRoWWFsaWFzRGF0YV8QYi4uLy4uLy4uL3JlZmVyZW5jZS9TaGFwZU9wdGltaXphdGlvbi9BUEdTMDhfVG9wb2xvZ3lPcHRpbWl6YXRpb25PZkxhcmdlU2NhbGVTdG9rZXNGbG93UHJvYmxlbXMucGRm0hcLGBlXTlMuZGF0YU8RAkgAAAAAAkgAAgAADE1hY2ludG9zaCBIRAAAAAAAAAAAAAAAAAAAAMjDjCdIKwAAAeVJHx9BUEdTMDhfVG9wb2xvZ3lPcHRpIzIyODM0QTMucGRmAAAAAAAAAAAAAAAAAAAAAAAAAAAAAAAAAAAAAAAAAAACKDSj0D4i01BERiBDQVJPAAMAAwAACSAAAAAAAAAAAAAAAAAAAAARU2hhcGVPcHRpbWl6YXRpb24AABAACAAAyMMptwAAABEACAAA0D3AYwAAAAEAEAHlSR8BZhTuAVINmgAAlkIAAgBWTWFjaW50b3NoIEhEOlVzZXJzOgBtYWk6AHJlZmVyZW5jZToAU2hhcGVPcHRpbWl6YXRpb246AEFQR1MwOF9Ub3BvbG9neU9wdGkjMjI4MzRBMy5wZGYADgB8AD0AQQBQAEcAUwAwADgAXwBUAG8AcABvAGwAbwBnAHkATwBwAHQAaQBtAGkAegBhAHQAaQBvAG4ATwBmAEwAYQByAGcAZQBTAGMAYQBsAGUAUwB0AG8AawBlAHMARgBsAG8AdwBQAHIAbwBiAGwAZQBtAHMALgBwAGQAZgAPABoADABNAGEAYwBpAG4AdABvAHMAaAAgAEgARAASAGNVc2Vycy9tYWkvcmVmZXJlbmNlL1NoYXBlT3B0aW1pemF0aW9uL0FQR1MwOF9Ub3BvbG9neU9wdGltaXphdGlvbk9mTGFyZ2VTY2FsZVN0b2tlc0Zsb3dQcm9ibGVtcy5wZGYAABMAAS8AABUAAgAK//8AAIAG0hscHR5aJGNsYXNzbmFtZVgkY2xhc3Nlc11OU011dGFibGVEYXRhox0fIFZOU0RhdGFYTlNPYmplY3TSGxwiI1xOU0RpY3Rpb25hcnmiIiBfEA9OU0tleWVkQXJjaGl2ZXLRJidUcm9vdIABAAgAEQAaACMALQAyADcAQABGAE0AVQBgAGcAagBsAG4AcQBzAHUAdwCEAI4A8wD4AQADTANOA1MDXgNnA3UDeQOAA4kDjgObA54DsAOzA7gAAAAAAAACAQAAAAAAAAAoAAAAAAAAAAAAAAAAAAADug==}}

@article{Evg06,
	Author = {A. Evgrafov},
	Date-Added = {2014-09-17 16:45:43 +0000},
	Date-Modified = {2014-09-17 16:49:46 +0000},
	Journal = {ZAMM - Z. Angew. Math. Mech},
	Number = {1},
	Pages = {46-62},
	Title = {Topology optimization of slightly compressible fluids},
	Volume = {86},
	Year = {2006}}

@article{CG09,
	Author = {V.J. Challis and J.K. Guest},
	Date-Added = {2014-09-17 16:26:34 +0000},
	Date-Modified = {2014-09-23 22:28:04 +0000},
	Journal = {International Journal for Numerical Methods in Engineering},
	Pages = {1284-1308},
	Title = {Level set topology optimization of fluids in \text{Stokes} flow},
	Volume = {79},
	Year = {2009},
	Bdsk-File-1 = {YnBsaXN0MDDUAQIDBAUGJCVYJHZlcnNpb25YJG9iamVjdHNZJGFyY2hpdmVyVCR0b3ASAAGGoKgHCBMUFRYaIVUkbnVsbNMJCgsMDxJXTlMua2V5c1pOUy5vYmplY3RzViRjbGFzc6INDoACgAOiEBGABIAFgAdccmVsYXRpdmVQYXRoWWFsaWFzRGF0YV8Qdy4uLy4uLy4uL3JlZmVyZW5jZS9TaGFwZU9wdGltaXphdGlvbi9HaWxsZXMvQ2hhbGxpcywgR3Vlc3RfTGV2ZWwgc2V0IHRvcG9sb2d5IG9wdGltaXphdGlvbiBvZiBmbHVpZHMgaW4gU3Rva2VzIGZsb3cucGRm0hcLGBlXTlMuZGF0YU8RAngAAAAAAngAAgAADE1hY2ludG9zaCBIRAAAAAAAAAAAAAAAAAAAAMjDjCdIKwAAAidRTB9DaGFsbGlzLCBHdWVzdF9MZXZlIzIyNzUxNzgucGRmAAAAAAAAAAAAAAAAAAAAAAAAAAAAAAAAAAAAAAAAAAACJ1F4zRODqgAAAAAAAAAAAAMABAAACSAAAAAAAAAAAAAAAAAAAAAGR2lsbGVzABAACAAAyMMptwAAABEACAAAzRMhOgAAAAEAFAInUUwB5UkfAWYU7gFSDZoAAJZCAAIAXk1hY2ludG9zaCBIRDpVc2VyczoAbWFpOgByZWZlcmVuY2U6AFNoYXBlT3B0aW1pemF0aW9uOgBHaWxsZXM6AENoYWxsaXMsIEd1ZXN0X0xldmUjMjI3NTE3OC5wZGYADgCYAEsAQwBoAGEAbABsAGkAcwAsACAARwB1AGUAcwB0AF8ATABlAHYAZQBsACAAcwBlAHQAIAB0AG8AcABvAGwAbwBnAHkAIABvAHAAdABpAG0AaQB6AGEAdABpAG8AbgAgAG8AZgAgAGYAbAB1AGkAZABzACAAaQBuACAAUwB0AG8AawBlAHMAIABmAGwAbwB3AC4AcABkAGYADwAaAAwATQBhAGMAaQBuAHQAbwBzAGgAIABIAEQAEgB4VXNlcnMvbWFpL3JlZmVyZW5jZS9TaGFwZU9wdGltaXphdGlvbi9HaWxsZXMvQ2hhbGxpcywgR3Vlc3RfTGV2ZWwgc2V0IHRvcG9sb2d5IG9wdGltaXphdGlvbiBvZiBmbHVpZHMgaW4gU3Rva2VzIGZsb3cucGRmABMAAS8AABUAAgAK//8AAIAG0hscHR5aJGNsYXNzbmFtZVgkY2xhc3Nlc11OU011dGFibGVEYXRhox0fIFZOU0RhdGFYTlNPYmplY3TSGxwiI1xOU0RpY3Rpb25hcnmiIiBfEA9OU0tleWVkQXJjaGl2ZXLRJidUcm9vdIABAAgAEQAaACMALQAyADcAQABGAE0AVQBgAGcAagBsAG4AcQBzAHUAdwCEAI4BCAENARUDkQOTA5gDowOsA7oDvgPFA84D0wPgA+MD9QP4A/0AAAAAAAACAQAAAAAAAAAoAAAAAAAAAAAAAAAAAAAD/w==}}

@article{Pir74,
	Author = {O. Pironneau},
	Date-Added = {2014-09-17 16:15:02 +0000},
	Date-Modified = {2014-09-17 16:16:05 +0000},
	Journal = {Journal of Fluid Mechanics},
	Number = {1},
	Pages = {97-110},
	Title = {On optimum design in fluid mechanics},
	Volume = {64},
	Year = {1974}}

@article{Pir73,
	Author = {O. Pironneau},
	Date-Added = {2014-09-17 16:13:09 +0000},
	Date-Modified = {2014-09-24 05:20:43 +0000},
	Journal = {Journal of Fluid Mechanics},
	Number = {1},
	Pages = {117-128},
	Title = {On optimum profiles in \text{Stokes} flow},
	Volume = {59},
	Year = {1973}}

@article{AQR06b,
	Author = {V. Agoshkov and A. Quarteroni and G. Rozza},
	Date-Added = {2014-09-17 15:57:35 +0000},
	Date-Modified = {2014-09-17 15:59:55 +0000},
	Journal = {SIAM Journal on Numerical Analysis},
	Number = {1},
	Pages = {367-384},
	Title = {Shape design in aorto-coronaric bypass anastomoses using perturbation theory},
	Volume = {44},
	Year = {2006}}

@article{AQR06a,
	Author = {V. Agoshkov and A. Quarteroni and G. Rozza},
	Date-Added = {2014-09-17 15:55:41 +0000},
	Date-Modified = {2014-09-23 22:17:30 +0000},
	Journal = {Journal of Scientific Computing},
	Number = {2-3},
	Pages = {139-161},
	Title = {A mathematical approach in the design of arterial bypass using unsteady \text{Stokes} equations},
	Volume = {28},
	Year = {2006}}

@article{QR03,
	Author = {A. Quarteroni and G. Rozza},
	Date-Added = {2014-09-17 15:47:52 +0000},
	Date-Modified = {2014-09-17 15:51:45 +0000},
	Journal = {Mathematical Models and Methods in Applied Sciences},
	Number = {12},
	Pages = {1801-1823},
	Title = {Optimal control and shape optimization of aorto-coronaric bypass anastomoses},
	Volume = {13},
	Year = {2003}}

@article{PTTP06,
	Author = {S. Painchaud-Oullet and C. Tribes and J.Y. Trepanier and D. Pelletier},
	Date-Added = {2014-09-17 15:30:22 +0000},
	Date-Modified = {2014-09-17 15:32:48 +0000},
	Journal = {IAAA},
	Number = {10},
	Pages = {2170-2178},
	Title = {Airfoil shape optimization using a nonuniform rational B-spline parametrization under thickness constraint},
	Volume = {44},
	Year = {2006}}

@article{WWG03,
	Author = {M.Y. Wang and X.M. Wang and D.M. Guo},
	Date-Added = {2014-09-17 15:17:52 +0000},
	Date-Modified = {2014-09-17 15:20:18 +0000},
	Journal = {Computer Methods in Applied Mechanics and Engineering},
	Pages = {227-246},
	Title = {A level set method for structural topology optimization},
	Volume = {192},
	Year = {2003}}

@article{SW00,
	Author = {J.A. Sethian and A. Wiegmann},
	Date-Added = {2014-09-17 15:14:58 +0000},
	Date-Modified = {2014-09-17 15:16:24 +0000},
	Journal = {Journal of Computational Physics},
	Number = {2},
	Pages = {489-528},
	Title = {Structural boundary design via level set and immersed interface methods},
	Volume = {163},
	Year = {2000}}

@book{MP10,
	Author = {B. Mohammadi and O. Pironneau},
	Booktitle = {Numerical Mathematics and Scientific Computation},
	Date-Added = {2014-09-17 14:29:19 +0000},
	Date-Modified = {2014-09-22 14:33:03 +0000},
	Edition = {2nd},
	Publisher = {Oxford University Press},
	Title = {Applied Shape Optimization for Fluids},
	Year = {2010}}

@article{MP04,
	Author = {B. Mohammadi and O. Pironneau},
	Date-Added = {2014-09-17 14:21:35 +0000},
	Date-Modified = {2014-09-22 14:31:04 +0000},
	Journal = {Annual Review of Fluid Mechanics},
	Pages = {255-279},
	Title = {Shape optimization in fluid mechanics},
	Volume = {36},
	Year = {2004},
	Bdsk-File-1 = {YnBsaXN0MDDUAQIDBAUGJCVYJHZlcnNpb25YJG9iamVjdHNZJGFyY2hpdmVyVCR0b3ASAAGGoKgHCBMUFRYaIVUkbnVsbNMJCgsMDxJXTlMua2V5c1pOUy5vYmplY3RzViRjbGFzc6INDoACgAOiEBGABIAFgAdccmVsYXRpdmVQYXRoWWFsaWFzRGF0YV8QTy4uLy4uLy4uL3JlZmVyZW5jZS9TaGFwZU9wdGltaXphdGlvbi9NUDA0X1NoYXBlT3B0aW1pemF0aW9uSW5GbHVpZE1lY2hhbmljcy5wZGbSFwsYGVdOUy5kYXRhTxECDgAAAAACDgACAAAMTWFjaW50b3NoIEhEAAAAAAAAAAAAAAAAAAAAyMOMJ0grAAAB5UkfH01QMDRfU2hhcGVPcHRpbWl6YXQjMUU1NDlFQy5wZGYAAAAAAAAAAAAAAAAAAAAAAAAAAAAAAAAAAAAAAAAAAAHlSezO56ZrUERGIENBUk8AAwADAAAJIAAAAAAAAAAAAAAAAAAAABFTaGFwZU9wdGltaXphdGlvbgAAEAAIAADIwym3AAAAEQAIAADO50P7AAAAAQAQAeVJHwFmFO4BUg2aAACWQgACAFZNYWNpbnRvc2ggSEQ6VXNlcnM6AG1haToAcmVmZXJlbmNlOgBTaGFwZU9wdGltaXphdGlvbjoATVAwNF9TaGFwZU9wdGltaXphdCMxRTU0OUVDLnBkZgAOAFYAKgBNAFAAMAA0AF8AUwBoAGEAcABlAE8AcAB0AGkAbQBpAHoAYQB0AGkAbwBuAEkAbgBGAGwAdQBpAGQATQBlAGMAaABhAG4AaQBjAHMALgBwAGQAZgAPABoADABNAGEAYwBpAG4AdABvAHMAaAAgAEgARAASAFBVc2Vycy9tYWkvcmVmZXJlbmNlL1NoYXBlT3B0aW1pemF0aW9uL01QMDRfU2hhcGVPcHRpbWl6YXRpb25JbkZsdWlkTWVjaGFuaWNzLnBkZgATAAEvAAAVAAIACv//AACABtIbHB0eWiRjbGFzc25hbWVYJGNsYXNzZXNdTlNNdXRhYmxlRGF0YaMdHyBWTlNEYXRhWE5TT2JqZWN00hscIiNcTlNEaWN0aW9uYXJ5oiIgXxAPTlNLZXllZEFyY2hpdmVy0SYnVHJvb3SAAQAIABEAGgAjAC0AMgA3AEAARgBNAFUAYABnAGoAbABuAHEAcwB1AHcAhACOAOAA5QDtAv8DAQMGAxEDGgMoAywDMwM8A0EDTgNRA2MDZgNrAAAAAAAAAgEAAAAAAAAAKAAAAAAAAAAAAAAAAAAAA20=}}

@article{HC05,
	Author = {S.H. Ha and S. Cho},
	Date-Added = {2014-09-17 10:51:40 +0000},
	Date-Modified = {2014-09-17 10:53:10 +0000},
	Journal = {Numerical Heat Transfer, Part B: Fundamentals: An International Journal of Computation and Methodology},
	Pages = {67-88},
	Title = {Topological shape optimization of heat conduction problems using level set approach},
	Volume = {48},
	Year = {2005}}

@article{ZXD07,
	Author = {C.G Zhuang and Z.H Xiong and H. Ding},
	Date-Added = {2014-09-16 14:39:07 +0000},
	Date-Modified = {2014-09-16 14:41:23 +0000},
	Journal = {Communications in numerical methods in engineering},
	Pages = {1074-1084},
	Title = {A level set method for topology optimization of heat conduction problem under multiple load cases},
	Volume = {196},
	Year = {2007}}

@article{GP06,
	Author = {J.K. Guest and J.H. Pr{\'e}vost},
	Date-Added = {2014-09-16 09:06:11 +0000},
	Date-Modified = {2014-09-23 22:42:00 +0000},
	Journal = {International Journal for Numerical Methods in Engineering},
	Pages = {461-484},
	Title = {Topology optimization of creeping fluid flows using a \text{Darcy-Stokes} finite element},
	Volume = {66},
	Year = {2006},
	Bdsk-File-1 = {YnBsaXN0MDDUAQIDBAUGJCVYJHZlcnNpb25YJG9iamVjdHNZJGFyY2hpdmVyVCR0b3ASAAGGoKgHCBMUFRYaIVUkbnVsbNMJCgsMDxJXTlMua2V5c1pOUy5vYmplY3RzViRjbGFzc6INDoACgAOiEBGABIAFgAdccmVsYXRpdmVQYXRoWWFsaWFzRGF0YV8QdS4uLy4uLy4uL3JlZmVyZW5jZS9TaGFwZU9wdGltaXphdGlvbi9HUDA2X1RvcG9sb2d5T3B0aW1pemF0aW9uT2ZDcmVlcGluZ0ZsdWlkRmxvd3NVc2luZ0FEYXJjeS1TdG9rZXNGaW5pdGVFbGVtZW50LnBkZtIXCxgZV05TLmRhdGFPEQKAAAAAAAKAAAIAAAxNYWNpbnRvc2ggSEQAAAAAAAAAAAAAAAAAAADIw4wnSCsAAAHlSR8fR1AwNl9Ub3BvbG9neU9wdGltaSMyMjgzNDMwLnBkZgAAAAAAAAAAAAAAAAAAAAAAAAAAAAAAAAAAAAAAAAAAAig0MNA+IA1QREYgQ0FSTwADAAMAAAkgAAAAAAAAAAAAAAAAAAAAEVNoYXBlT3B0aW1pemF0aW9uAAAQAAgAAMjDKbcAAAARAAgAANA9vZ0AAAABABAB5UkfAWYU7gFSDZoAAJZCAAIAVk1hY2ludG9zaCBIRDpVc2VyczoAbWFpOgByZWZlcmVuY2U6AFNoYXBlT3B0aW1pemF0aW9uOgBHUDA2X1RvcG9sb2d5T3B0aW1pIzIyODM0MzAucGRmAA4AogBQAEcAUAAwADYAXwBUAG8AcABvAGwAbwBnAHkATwBwAHQAaQBtAGkAegBhAHQAaQBvAG4ATwBmAEMAcgBlAGUAcABpAG4AZwBGAGwAdQBpAGQARgBsAG8AdwBzAFUAcwBpAG4AZwBBAEQAYQByAGMAeQAtAFMAdABvAGsAZQBzAEYAaQBuAGkAdABlAEUAbABlAG0AZQBuAHQALgBwAGQAZgAPABoADABNAGEAYwBpAG4AdABvAHMAaAAgAEgARAASAHZVc2Vycy9tYWkvcmVmZXJlbmNlL1NoYXBlT3B0aW1pemF0aW9uL0dQMDZfVG9wb2xvZ3lPcHRpbWl6YXRpb25PZkNyZWVwaW5nRmx1aWRGbG93c1VzaW5nQURhcmN5LVN0b2tlc0Zpbml0ZUVsZW1lbnQucGRmABMAAS8AABUAAgAK//8AAIAG0hscHR5aJGNsYXNzbmFtZVgkY2xhc3Nlc11OU011dGFibGVEYXRhox0fIFZOU0RhdGFYTlNPYmplY3TSGxwiI1xOU0RpY3Rpb25hcnmiIiBfEA9OU0tleWVkQXJjaGl2ZXLRJidUcm9vdIABAAgAEQAaACMALQAyADcAQABGAE0AVQBgAGcAagBsAG4AcQBzAHUAdwCEAI4BBgELARMDlwOZA54DqQOyA8ADxAPLA9QD2QPmA+kD+wP+BAMAAAAAAAACAQAAAAAAAAAoAAAAAAAAAAAAAAAAAAAEBQ==}}

@article{BP03,
	Author = {T. Borrvall and J. Petersson},
	Date-Added = {2014-09-16 08:57:13 +0000},
	Date-Modified = {2014-09-23 22:24:38 +0000},
	Journal = {International Journal for Numerical Methods in Fluids},
	Pages = {77-107},
	Title = {Topology optimization of fluids in \text{Stokes} flow},
	Volume = {41},
	Year = {2003},
	Bdsk-File-1 = {YnBsaXN0MDDUAQIDBAUGJCVYJHZlcnNpb25YJG9iamVjdHNZJGFyY2hpdmVyVCR0b3ASAAGGoKgHCBMUFRYaIVUkbnVsbNMJCgsMDxJXTlMua2V5c1pOUy5vYmplY3RzViRjbGFzc6INDoACgAOiEBGABIAFgAdccmVsYXRpdmVQYXRoWWFsaWFzRGF0YV8QWS4uLy4uLy5UcmFzaC9Cb3ggRG9jdW1lbnRzL3RyYXZhaWwgZW4gY291cnMvcmVmZXJlbmNlL1NoYXBlT3B0aW1pemF0aW9uL0JQMDNfU3Rva2VzMkQucGRm0hcLGBlXTlMuZGF0YU8RAhIAAAAAAhIAAgAADE1hY2ludG9zaCBIRAAAAAAAAAAAAAAAAAAAAMjDRddIKwAAAghmoxFCUDAzX1N0b2tlczJELnBkZgAAAAAAAAAAAAAAAAAAAAAAAAAAAAAAAAAAAAAAAAAAAAAAAAAAAAAAAAAAAAACCGbFzwvpnlBERiBDQVJPAAIABgAACSAAAAAAAAAAAAAAAAAAAAARU2hhcGVPcHRpbWl6YXRpb24AABAACAAAyMMptwAAABEACAAAzwvbjgAAAAEAHAIIZqMCCFlxAZo7IgGGTCUBVl78AVINmgAAlkIAAgBxTWFjaW50b3NoIEhEOlVzZXJzOgBtYWk6AC5UcmFzaDoAQm94IERvY3VtZW50czoAdHJhdmFpbCBlbiBjb3VyczoAcmVmZXJlbmNlOgBTaGFwZU9wdGltaXphdGlvbjoAQlAwM19TdG9rZXMyRC5wZGYAAA4AJAARAEIAUAAwADMAXwBTAHQAbwBrAGUAcwAyAEQALgBwAGQAZgAPABoADABNAGEAYwBpAG4AdABvAHMAaAAgAEgARAASAF1Vc2Vycy9tYWkvLlRyYXNoL0JveCBEb2N1bWVudHMvdHJhdmFpbCBlbiBjb3Vycy9yZWZlcmVuY2UvU2hhcGVPcHRpbWl6YXRpb24vQlAwM19TdG9rZXMyRC5wZGYAABMAAS8AABUAAgAK//8AAIAG0hscHR5aJGNsYXNzbmFtZVgkY2xhc3Nlc11OU011dGFibGVEYXRhox0fIFZOU0RhdGFYTlNPYmplY3TSGxwiI1xOU0RpY3Rpb25hcnmiIiBfEA9OU0tleWVkQXJjaGl2ZXLRJidUcm9vdIABAAgAEQAaACMALQAyADcAQABGAE0AVQBgAGcAagBsAG4AcQBzAHUAdwCEAI4A6gDvAPcDDQMPAxQDHwMoAzYDOgNBA0oDTwNcA18DcQN0A3kAAAAAAAACAQAAAAAAAAAoAAAAAAAAAAAAAAAAAAADew==}}

@article{AC10,
	Author = {S.H Ahn and S. Cho},
	Date-Added = {2014-09-15 08:17:15 +0000},
	Date-Modified = {2014-09-16 08:58:52 +0000},
	Journal = {Numerical Heat Transfer, Part B: Fundamentals: An International Journal of Computation and Methodology},
	Number = {5},
	Pages = {304-322},
	Title = {Level Set--Based Topological Shape Optimization of Heat Conduction Problems Considering Design-Dependent Convection Boundary},
	Volume = {58},
	Year = {2010},
	Bdsk-File-1 = {YnBsaXN0MDDUAQIDBAUGJCVYJHZlcnNpb25YJG9iamVjdHNZJGFyY2hpdmVyVCR0b3ASAAGGoKgHCBMUFRYaIVUkbnVsbNMJCgsMDxJXTlMua2V5c1pOUy5vYmplY3RzViRjbGFzc6INDoACgAOiEBGABIAFgAdccmVsYXRpdmVQYXRoWWFsaWFzRGF0YV8QtC4uLy4uLy4uL3JlZmVyZW5jZS9TaGFwZU9wdGltaXphdGlvbi9HaWxsZXMvQWhuLCBDaG9fTGV2ZWwgc2V0LWJhc2VkIHRvcG9sb2dpY2FsIHNoYXBlIG9wdGltaXphdGlvbiBvZiBoZWF0IGNvbmR1Y3Rpb24gcHJvYmxlbXMgY29uc2lkZXJpbmcgZGVzaWduLWRlcGVuZGVudCBjb252ZWN0aW9uIGJvdW5kYXJ5LnBkZtIXCxgZV05TLmRhdGFPEQMwAAAAAAMwAAIAAAxNYWNpbnRvc2ggSEQAAAAAAAAAAAAAAAAAAADIw4wnSCsAAAInUUwfQWhuLCBDaG9fTGV2ZWwgc2V0LSMyMjc1MTc3LnBkZgAAAAAAAAAAAAAAAAAAAAAAAAAAAAAAAAAAAAAAAAAAAidRd80Tg6gAAAAAAAAAAAADAAQAAAkgAAAAAAAAAAAAAAAAAAAABkdpbGxlcwAQAAgAAMjDKbcAAAARAAgAAM0TITgAAAABABQCJ1FMAeVJHwFmFO4BUg2aAACWQgACAF5NYWNpbnRvc2ggSEQ6VXNlcnM6AG1haToAcmVmZXJlbmNlOgBTaGFwZU9wdGltaXphdGlvbjoAR2lsbGVzOgBBaG4sIENob19MZXZlbCBzZXQtIzIyNzUxNzcucGRmAA4BEgCIAEEAaABuACwAIABDAGgAbwBfAEwAZQB2AGUAbAAgAHMAZQB0AC0AYgBhAHMAZQBkACAAdABvAHAAbwBsAG8AZwBpAGMAYQBsACAAcwBoAGEAcABlACAAbwBwAHQAaQBtAGkAegBhAHQAaQBvAG4AIABvAGYAIABoAGUAYQB0ACAAYwBvAG4AZAB1AGMAdABpAG8AbgAgAHAAcgBvAGIAbABlAG0AcwAgAGMAbwBuAHMAaQBkAGUAcgBpAG4AZwAgAGQAZQBzAGkAZwBuAC0AZABlAHAAZQBuAGQAZQBuAHQAIABjAG8AbgB2AGUAYwB0AGkAbwBuACAAYgBvAHUAbgBkAGEAcgB5AC4AcABkAGYADwAaAAwATQBhAGMAaQBuAHQAbwBzAGgAIABIAEQAEgC1VXNlcnMvbWFpL3JlZmVyZW5jZS9TaGFwZU9wdGltaXphdGlvbi9HaWxsZXMvQWhuLCBDaG9fTGV2ZWwgc2V0LWJhc2VkIHRvcG9sb2dpY2FsIHNoYXBlIG9wdGltaXphdGlvbiBvZiBoZWF0IGNvbmR1Y3Rpb24gcHJvYmxlbXMgY29uc2lkZXJpbmcgZGVzaWduLWRlcGVuZGVudCBjb252ZWN0aW9uIGJvdW5kYXJ5LnBkZgAAEwABLwAAFQACAAr//wAAgAbSGxwdHlokY2xhc3NuYW1lWCRjbGFzc2VzXU5TTXV0YWJsZURhdGGjHR8gVk5TRGF0YVhOU09iamVjdNIbHCIjXE5TRGljdGlvbmFyeaIiIF8QD05TS2V5ZWRBcmNoaXZlctEmJ1Ryb290gAEACAARABoAIwAtADIANwBAAEYATQBVAGAAZwBqAGwAbgBxAHMAdQB3AIQAjgFFAUoBUgSGBIgEjQSYBKEErwSzBLoEwwTIBNUE2ATqBO0E8gAAAAAAAAIBAAAAAAAAACgAAAAAAAAAAAAAAAAAAAT0}}

@article{BNV06,
	Author = {A. Bermudez and M.R. Nogueiras and C. Vasquez},
	Date-Added = {2014-09-01 13:20:10 +0000},
	Date-Modified = {2014-09-01 13:22:27 +0000},
	Journal = {SIAM Journal on Numerical Analysis},
	Number = {5},
	Pages = {1829-1853},
	Title = {Numerical analysis of convection-diffusion-reaction problems with higher order characteristics/finite elements. Part II : fully discretized scheme and quadrature formulas},
	Volume = {44},
	Year = {2006}}

@article{Sul98,
	Author = {E. Suli},
	Date-Added = {2014-09-01 08:08:00 +0000},
	Date-Modified = {2014-09-24 05:24:45 +0000},
	Journal = {Numercical Mathematic},
	Pages = {459-483},
	Title = {Convergence and nonlinear stability of the \text{Lagrange-Galerkin} method for the \text{Navier-Stokes} equations},
	Volume = {53},
	Year = {1998}}

@article{Zhi11,
	Author = {S. Zhi},
	Date-Added = {2014-08-28 15:07:29 +0000},
	Date-Modified = {2014-09-24 05:29:34 +0000},
	Journal = {Numerical Algorithms},
	Number = {2},
	Pages = {271-300},
	Title = {Second order modified method of characteristics mixed defect-correction finite element method for time dependent \text{Navier-Stokes} problems},
	Volume = {59},
	Year = {2012},
	Bdsk-File-1 = {YnBsaXN0MDDUAQIDBAUGJCVYJHZlcnNpb25YJG9iamVjdHNZJGFyY2hpdmVyVCR0b3ASAAGGoKgHCBMUFRYaIVUkbnVsbNMJCgsMDxJXTlMua2V5c1pOUy5vYmplY3RzViRjbGFzc6INDoACgAOiEBGABIAFgAdccmVsYXRpdmVQYXRoWWFsaWFzRGF0YV8QNi4uLy4uLy4uL3JlZmVyZW5jZS9DaGFyYWN0ZXJpc3RpYy9jaGFyYWN0ZXJpc3RpY08yLnBkZtIXCxgZV05TLmRhdGFPEQG4AAAAAAG4AAIAAAxNYWNpbnRvc2ggSEQAAAAAAAAAAAAAAAAAAADIw4wnSCsAAAGYCaUUY2hhcmFjdGVyaXN0aWNPMi5wZGYAAAAAAAAAAAAAAAAAAAAAAAAAAAAAAAAAAAAAAAAAAAAAAAAAAAAAAAAAAcjufs1WmEEAAAAAAAAAAAADAAMAAAkgAAAAAAAAAAAAAAAAAAAADkNoYXJhY3RlcmlzdGljABAACAAAyMMptwAAABEACAAAzVY10QAAAAEAEAGYCaUBZhTuAVINmgAAlkIAAgBITWFjaW50b3NoIEhEOlVzZXJzOgBtYWk6AHJlZmVyZW5jZToAQ2hhcmFjdGVyaXN0aWM6AGNoYXJhY3RlcmlzdGljTzIucGRmAA4AKgAUAGMAaABhAHIAYQBjAHQAZQByAGkAcwB0AGkAYwBPADIALgBwAGQAZgAPABoADABNAGEAYwBpAG4AdABvAHMAaAAgAEgARAASADdVc2Vycy9tYWkvcmVmZXJlbmNlL0NoYXJhY3RlcmlzdGljL2NoYXJhY3RlcmlzdGljTzIucGRmAAATAAEvAAAVAAIACv//AACABtIbHB0eWiRjbGFzc25hbWVYJGNsYXNzZXNdTlNNdXRhYmxlRGF0YaMdHyBWTlNEYXRhWE5TT2JqZWN00hscIiNcTlNEaWN0aW9uYXJ5oiIgXxAPTlNLZXllZEFyY2hpdmVy0SYnVHJvb3SAAQAIABEAGgAjAC0AMgA3AEAARgBNAFUAYABnAGoAbABuAHEAcwB1AHcAhACOAMcAzADUApACkgKXAqICqwK5Ar0CxALNAtIC3wLiAvQC9wL8AAAAAAAAAgEAAAAAAAAAKAAAAAAAAAAAAAAAAAAAAv4=}}

@phdthesis{Pri08,
	Author = {Y. Privat},
	Date-Added = {2014-08-21 20:27:05 +0000},
	Date-Modified = {2014-08-21 20:30:08 +0000},
	School = {Universit{\'e} Henri Poincar{\'e}, Nancy-I},
	Title = {Quelques probl{\`e}mes d'optimisation de formes en sciences du vivant},
	Year = {2008}}

@article{YNKN11,
	Author = {S. Yamasaki and T. Nomura and A. Kawamoto and S. Nishiwaki},
	Date-Added = {2014-08-20 09:58:49 +0000},
	Date-Modified = {2014-10-03 13:47:58 +0000},
	Journal = {International Journal for Numerical Methods in Engineering},
	Pages = {844-868},
	Title = {A level set-based topology optimization method targeting metallic waveguide design problems},
	Volume = {87},
	Year = {2011}}

@article{XSLW12,
	Author = {Q. Xia and T. Shi and S. Liu and M. Y. Wang},
	Date-Added = {2014-08-20 09:57:10 +0000},
	Date-Modified = {2014-09-24 05:27:43 +0000},
	Journal = {Computers and Structures},
	Number = {55-64},
	Title = {A level set solution to the stress-based structural shape and topology optimization},
	Volume = {90-91},
	Year = {2012}}

@article{Gou06,
	Author = {F. de Gournay},
	Date-Added = {2014-08-20 09:55:10 +0000},
	Date-Modified = {2014-08-20 09:56:57 +0000},
	Journal = {SIAM J. on Control and Optim},
	Number = {1},
	Pages = {343-367},
	Title = {Velocity extension for the level-set method and multiple eigenvalues in shape optimization},
	Volume = {45},
	Year = {2006}}

@book{BS03,
	Author = {M.P. Bends{\o}e and O. Sigmund},
	Date-Added = {2014-08-20 09:50:18 +0000},
	Date-Modified = {2014-09-18 17:01:51 +0000},
	Edition = {2nd},
	Publisher = {Springer Verlag, Berlin Heidelberg},
	Title = {Topology Optimization, Theory, Methods and Applications},
	Year = {2003}}

@article{VM73,
	Author = {G.N. Vanderplaats and F. Moses},
	Date-Added = {2014-08-18 14:41:39 +0000},
	Date-Modified = {2014-08-18 14:42:55 +0000},
	Journal = {Computers\& Structures},
	Pages = {739-755},
	Title = {Structural optimization by methods of feasible directions},
	Volume = {3},
	Year = {1973}}

@article{Sva87,
	Author = {K. Svanberg},
	Date-Added = {2014-08-18 14:39:19 +0000},
	Date-Modified = {2014-08-18 14:41:11 +0000},
	Journal = {International Journal for Numerical Methods in Engineering},
	Pages = {359-373},
	Title = {The method of moving asymptotes - a new method for structural optimization},
	Volume = {24},
	Year = {1987}}

@article{Che75,
	Author = {D. Chenais},
	Date-Added = {2014-08-18 13:46:14 +0000},
	Date-Modified = {2014-08-18 13:47:17 +0000},
	Journal = {J. Math. Anal. Appl.},
	Pages = {189-289},
	Title = {On the existence of a solution in a domain identification problem},
	Volume = {52},
	Year = {1975}}

@article{Cha03,
	Author = {A. Chambolle},
	Date-Added = {2014-08-18 13:43:59 +0000},
	Date-Modified = {2014-08-18 13:45:13 +0000},
	Journal = {Arch. Rational Mech. Anal.},
	Pages = {211-233},
	Title = {A density result in two-dimensional linearized elasticity and applications},
	Volume = {167},
	Year = {2003}}

@article{Cea86,
	Author = {J. C{\'e}a},
	Date-Added = {2014-08-18 06:16:21 +0000},
	Date-Modified = {2014-08-18 06:18:06 +0000},
	Journal = {Math. Model. Num.},
	Number = {20},
	Pages = {371-420},
	Title = {Conception optimale ou identification de formes, calcul rapide de la d{\'e}riv{\'e}e directionnelle de la fonction co{\^u}t},
	Volume = {3},
	Year = {1986}}

@book{HP05,
	Author = {A. Henrot and M. Pierre},
	Date-Added = {2014-08-18 06:16:13 +0000},
	Date-Modified = {2014-08-18 06:22:12 +0000},
	Publisher = {Springer},
	Title = {Variation et optimisation de formes, une analyse g{\'e}om{\'e}trique},
	Year = {2005}}

@article{Sim80,
	Author = {J. Simon},
	Date-Added = {2014-08-18 06:04:44 +0000},
	Date-Modified = {2014-08-18 06:06:05 +0000},
	Journal = {Numer. Funct. Anal. Optim.},
	Pages = {649-687},
	Title = {Differentiation with respect to the domain in boundary value problems},
	Volume = {2},
	Year = {1980}}

@inbook{MS76a,
	Author = {F. Murat and S. Simon},
	Date-Added = {2014-08-18 00:32:14 +0000},
	Date-Modified = {2014-08-18 13:47:54 +0000},
	Note = {Lecture Notes in Computer Science 41},
	Pages = {54-62},
	Publisher = {Springer Verlag, Berlin},
	Title = {Etudes de probl{\`e}mes d'optimal design},
	Year = {1976}}

@techreport{MS76b,
	Author = {F. Murat and J. Simon},
	Date-Added = {2014-08-18 00:20:28 +0000},
	Date-Modified = {2014-08-18 00:22:13 +0000},
	Institution = {INRIA Rocquencourt},
	Title = {Sur le contr{\^o}le par un domaine g{\'e}om{\'e}trique},
	Type = {RR-76015},
	Year = {1976}}

@book{SZ92,
	Address = {Heidelberg},
	Author = {J. Sokolowski and J.-P. Zolesio},
	Date-Added = {2014-08-18 00:17:34 +0000},
	Date-Modified = {2014-08-18 00:20:17 +0000},
	Publisher = {Springer},
	Series = {Series in Computational Mathematics},
	Title = {Introduction to Shape Optimization; Shape Sensitivity Analysis},
	Volume = {16},
	Year = {1992}}

@techreport{Had07,
	Author = {J. Hadamard},
	Date-Added = {2014-08-18 00:14:24 +0000},
	Date-Modified = {2014-08-18 00:26:16 +0000},
	Institution = {Bull. Soc. Math. France},
	Title = {M{\'e}moire sur le probl{\`e}me d'analyse relatif {\`a} l'{\'e}quilibre des plaque {\'e}lastiques encastr{\'e}es},
	Year = {1907}}

@book{Pir84,
	Author = {O. Pironneau},
	Date-Added = {2014-08-18 00:01:08 +0000},
	Date-Modified = {2014-08-18 00:02:06 +0000},
	Publisher = {Springer},
	Title = {Optimal Shape Design for Elliptic Systems},
	Year = {1984}}

@article{HG86,
	Author = {R.T. Haftka and R.V. Grandhi},
	Date-Added = {2014-08-17 23:59:20 +0000},
	Date-Modified = {2014-08-18 00:00:54 +0000},
	Journal = {Communications in numerical methods in engineering},
	Number = {91-106},
	Title = {Structural shape optimization - a survey},
	Volume = {57},
	Year = {1986}}

@article{BF84,
	Author = {V. Braibant and C. FIeury},
	Date-Added = {2014-08-17 23:54:30 +0000},
	Date-Modified = {2014-08-17 23:57:15 +0000},
	Journal = {Computer Methods in Applied Mechanics and Engineering},
	Number = {3},
	Pages = {247-267},
	Title = {Shape optimal design using \text{B-splines}},
	Volume = {44},
	Year = {1984}}

@book{All02,
	Address = {New York},
	Author = {G. Allaire},
	Date-Added = {2014-08-17 15:49:38 +0000},
	Date-Modified = {2014-08-17 15:51:09 +0000},
	Publisher = {Springer Verlag},
	Title = {Shape optimization by the homogenization method},
	Year = {2002}}

@article{OS01,
	Author = {S. J. Osher and F. Santosa},
	Date-Added = {2014-08-17 15:28:17 +0000},
	Date-Modified = {2014-08-17 15:29:57 +0000},
	Journal = {Journal of Computational Physics},
	Pages = {272-288},
	Title = {Level Set Methods for Optimization Problems Involving Geometry and Constraints I. Frequencies of a Two-Density Inhomogeneous Drum},
	Volume = {171},
	Year = {2001}}

@article{AJT04,
	Author = {G. Allaire and F. Jouve and A.M. Toader},
	Date-Added = {2014-08-17 15:20:42 +0000},
	Date-Modified = {2014-08-17 15:24:47 +0000},
	Journal = {Journal of Computational Physics},
	Pages = {363-393},
	Title = {Structural optimization using shape sensitivity analysis and a level-set method},
	Volume = {194},
	Year = {2004},
	Bdsk-File-1 = {YnBsaXN0MDDUAQIDBAUGJCVYJHZlcnNpb25YJG9iamVjdHNZJGFyY2hpdmVyVCR0b3ASAAGGoKgHCBMUFRYaIVUkbnVsbNMJCgsMDxJXTlMua2V5c1pOUy5vYmplY3RzViRjbGFzc6INDoACgAOiEBGABIAFgAdccmVsYXRpdmVQYXRoWWFsaWFzRGF0YV8QNy4uLy4uLy4uL3JlZmVyZW5jZS9TaGFwZU9wdGltaXphdGlvbi9BSlQwNF9MZXZlbHNldC5wZGbSFwsYGVdOUy5kYXRhTxEBugAAAAABugACAAAMTWFjaW50b3NoIEhEAAAAAAAAAAAAAAAAAAAAyMOMJ0grAAAB5UkfEkFKVDA0X0xldmVsc2V0LnBkZgAAAAAAAAAAAAAAAAAAAAAAAAAAAAAAAAAAAAAAAAAAAAAAAAAAAAAAAAAAAAHskM7PFs07UERGIENBUk8AAwADAAAJIAAAAAAAAAAAAAAAAAAAABFTaGFwZU9wdGltaXphdGlvbgAAEAAIAADIwym3AAAAEQAIAADPFmrLAAAAAQAQAeVJHwFmFO4BUg2aAACWQgACAElNYWNpbnRvc2ggSEQ6VXNlcnM6AG1haToAcmVmZXJlbmNlOgBTaGFwZU9wdGltaXphdGlvbjoAQUpUMDRfTGV2ZWxzZXQucGRmAAAOACYAEgBBAEoAVAAwADQAXwBMAGUAdgBlAGwAcwBlAHQALgBwAGQAZgAPABoADABNAGEAYwBpAG4AdABvAHMAaAAgAEgARAASADhVc2Vycy9tYWkvcmVmZXJlbmNlL1NoYXBlT3B0aW1pemF0aW9uL0FKVDA0X0xldmVsc2V0LnBkZgATAAEvAAAVAAIACv//AACABtIbHB0eWiRjbGFzc25hbWVYJGNsYXNzZXNdTlNNdXRhYmxlRGF0YaMdHyBWTlNEYXRhWE5TT2JqZWN00hscIiNcTlNEaWN0aW9uYXJ5oiIgXxAPTlNLZXllZEFyY2hpdmVy0SYnVHJvb3SAAQAIABEAGgAjAC0AMgA3AEAARgBNAFUAYABnAGoAbABuAHEAcwB1AHcAhACOAMgAzQDVApMClQKaAqUCrgK8AsACxwLQAtUC4gLlAvcC+gL/AAAAAAAAAgEAAAAAAAAAKAAAAAAAAAAAAAAAAAAAAwE=}}

@techreport{FB96,
	Author = {P. Frey and H. Borouchaki},
	Date-Added = {2014-08-04 20:09:30 +0000},
	Date-Modified = {2014-08-04 20:10:44 +0000},
	Institution = {INRIA},
	Number = {3066},
	Title = {Texel : triangulation de surfaces implicites. Partie I : aspects th{\'e}oriques},
	Year = {1996}}

@article{DK91,
	Author = {A. Doi and A. Koide},
	Date-Added = {2014-08-04 20:05:55 +0000},
	Date-Modified = {2014-08-04 20:09:05 +0000},
	Journal = {IEICE Transactions on Communications and Electronics Information Systems},
	Number = {1},
	Pages = {214-224},
	Title = {An Efficient Method of Triangulating Equivalued Surfaces by Using Tetrahedral Cells},
	Volume = {E74-D},
	Year = {1991}}

@article{LC87,
	Author = {W.E. Lorensen and H.E. Cline},
	Date-Added = {2014-08-04 20:04:21 +0000},
	Date-Modified = {2014-09-24 05:18:13 +0000},
	Journal = {Comput. Graph},
	Number = {4},
	Pages = {163-169},
	Title = {Marching cubes: A high resolution \text{3D} surface construction algorithm},
	Volume = {21},
	Year = {1987}}

@article{BFH98,
	Author = {H. Borouchaki and P. Frey and F. Hecht},
	Date-Added = {2014-08-04 11:03:44 +0000},
	Date-Modified = {2014-09-16 08:59:19 +0000},
	Journal = {International Journal for Numerical Methods in Engineering},
	Pages = {1143--1165},
	Title = {Mesh gradation control},
	Volume = {43},
	Year = {1998}}

@article{AO97,
	Author = {M. Ainsworth and J.T. Oden},
	Date-Added = {2014-08-04 10:56:43 +0000},
	Date-Modified = {2014-08-04 15:01:03 +0000},
	Journal = {Comput. Meths. Appl. Mech. Engrg.},
	Number = {1-88},
	Title = {A posteriori error estimation in finite element analysis},
	Volume = {142},
	Year = {1997}}

@article{Hua05,
	Author = {W. Huang},
	Date-Added = {2014-08-04 08:10:39 +0000},
	Date-Modified = {2014-08-04 08:11:48 +0000},
	Journal = {Journal of Computational Physics},
	Pages = {633-665},
	Title = {Metric Tensors for Anisotropic Mesh Generation},
	Volume = {204},
	Year = {2005}}

@article{VHM91,
	Author = {M.G. Vallet and F. Hecht and B. Mantel},
	Date-Added = {2014-08-04 08:06:57 +0000},
	Date-Modified = {2014-10-03 13:46:38 +0000},
	Journal = {Numerical Grid Generation in Computational Fluid Dynamics and Related Fields},
	Title = {Anisotropic Control of Mesh Generation Based upon a \text{Vorono{\"\i}} Type Method},
	Year = {1991}}

@article{DVB+02,
	Author = {J. Dompierre and M.G. Vallet and Y. Bourgault and M. Fortin and W.G. Habashi},
	Date-Added = {2014-08-03 15:52:50 +0000},
	Date-Modified = {2014-08-03 15:55:59 +0000},
	Journal = {International Journal for Numerical Methods in Fluids},
	Number = {8},
	Pages = {675-702},
	Title = {Anisotropic mesh adaptation: towards user independent, mesh-independent and solver independent CFD. III. Unstructured meshes},
	Volume = {39},
	Year = {2002}}

@article{FP01,
	Author = {L. Formaggia and S. Perotto},
	Date-Added = {2014-08-03 15:48:27 +0000},
	Date-Modified = {2014-08-03 15:52:21 +0000},
	Journal = {Numercical Mathematic},
	Number = {4},
	Pages = {641-667},
	Title = {New anisotropic a priori error estimates},
	Volume = {89},
	Year = {2001}}

@article{Ape99,
	Author = {T. Apel},
	Date-Added = {2014-08-03 15:32:46 +0000},
	Date-Modified = {2014-08-03 15:37:51 +0000},
	Journal = {Advances in Numerical Mathematics. B. G. Teubner, Stuttgart},
	Title = {Anisotropic finite elements: local estimates and applications},
	Volume = {8},
	Year = {1999}}

@article{BA76,
	Author = {I. Babu{\v s}ka and A. K. Aziz},
	Date-Added = {2014-08-03 15:19:29 +0000},
	Date-Modified = {2014-08-03 15:28:58 +0000},
	Journal = {SIAM Journal on Numerical Analysis},
	Month = {April},
	Number = {2},
	Pages = {214-226},
	Title = {On the angle condition in the finite element method},
	Volume = {13},
	Year = {1976}}

@article{CFD08,
	Author = {A. Claisse and V. Ducrot and P. Frey},
	Date-Added = {2014-08-01 14:28:46 +0000},
	Date-Modified = {2014-09-23 22:26:14 +0000},
	Journal = {Discrete and Continuous Dynamical Systems - Series A (DCDS-A)},
	Number = {1-2},
	Pages = {165-183},
	Title = {LEVELSETS AND ANISOTROPIC MESH ADAPTATION},
	Volume = {23},
	Year = {2008}}

@article{DDF14,
	Author = {C. Dapogny and C. Dobrzynski and P. Frey},
	Date-Added = {2014-08-01 09:34:34 +0000},
	Date-Modified = {2014-08-01 09:36:44 +0000},
	Journal = {Journal of Computational Physics},
	Pages = {358-378},
	Title = {Three-dimensional adaptive domain remeshing, implicit domain meshing, and applications to free and moving boundary problems},
	Volume = {262},
	Year = {2014}}

@inbook{Fre08,
	Author = {P. J. Frey},
	Date-Added = {2014-08-01 08:47:25 +0000},
	Date-Modified = {2014-09-23 22:40:27 +0000},
	Editor = {P.G. Ciarlet and T. Li},
	Pages = {222-292},
	Publisher = {World Scientific},
	Series = {Differential Geometry: Theory and Applications in "Series in Contemporary Applied Mathematics"},
	Title = {A differential approach to mesh generation},
	Volume = {9},
	Year = {2008}}

@inproceedings{DF08b,
	Address = {Sandia National Labs, Pittsburgh, PA},
	Author = {C. Dobrzynski and P. Frey},
	Date-Added = {2014-07-25 13:38:55 +0000},
	Date-Modified = {2014-09-23 22:34:15 +0000},
	Organization = {In Proc. 17th Int. Meshing Roundtable},
	Pages = {177-194},
	Title = {Anisotropic \text{Delaunay} Mesh Adaptation for Unsteady Simulations},
	Year = {2008}}

@phdthesis{Geo71,
	Author = {J.A. George},
	Date-Added = {2014-07-25 13:14:13 +0000},
	Date-Modified = {2014-07-25 13:15:44 +0000},
	School = {Stanford University},
	Title = {Computer Implementation of the Finite Element Method},
	Year = {1971}}

@article{FWE70,
	Author = {C.O. Frederick and Y.C. Wong and F.W. Edge},
	Date-Added = {2014-07-25 13:08:43 +0000},
	Date-Modified = {2014-07-25 13:13:59 +0000},
	Journal = {International Journal for Numerical Methods in Engineering},
	Pages = {133-144},
	Title = {Two-dimensional automatic mesh generation for structural analysis},
	Volume = {2},
	Year = {1970}}

@electronic{She12,
	Author = {J.R. Shewchuk},
	Date-Added = {2014-07-25 08:27:51 +0000},
	Date-Modified = {2014-09-24 05:32:45 +0000},
	Title = {Lecture Notes on \text{Delaunay} Mesh Generation, available at http://www.cs.berkeley. edu/$^{\sim}$jrs/meshpapers/delnotes.pdf},
	Url = {http://www.cs.berkeley. edu/$\sim$ jrs/meshpapers/delnotes.pdf},
	Year = {2012},
	Bdsk-Url-1 = {http://www.cs.berkeley.%20edu/%CB%9Cjrs/meshpapers/delnotes.pdf}}

@book{Cia78,
	Author = {P. G. Ciarlet},
	Date-Added = {2014-07-08 14:27:34 +0000},
	Date-Modified = {2014-07-08 14:29:07 +0000},
	Publisher = {North Holland Publishing Company},
	Title = {The Finite Element Method for Elliptic Problems},
	Year = {1978}}

@article{SS03,
	Author = {J. A. Sethian and P. Smereka},
	Date-Added = {2014-07-07 08:07:28 +0000},
	Date-Modified = {2014-07-07 08:11:04 +0000},
	Journal = {Annual Review of Fluid Mechanics},
	Pages = {341-372},
	Title = {Level Set Methods for Fluid Interfaces},
	Volume = {35},
	Year = {2003}}

@article{MOS92,
	Author = {W. Mulder and S. Osher and J. A. Sethian},
	Date-Added = {2014-07-07 08:05:52 +0000},
	Date-Modified = {2014-07-07 08:07:21 +0000},
	Journal = {Journal of Computational Physics},
	Pages = {209-228},
	Title = {Computing interface Motion in Compressible Gas Dynamics},
	Volume = {100},
	Year = {1992}}

@book{Set96,
	Address = {Cambridge},
	Author = {J.A. Sethian},
	Date-Added = {2014-07-07 08:02:19 +0000},
	Date-Modified = {2014-09-24 05:23:04 +0000},
	Publisher = {Cambridge University Press},
	Title = {Level Set Methods},
	Year = {1996}}

@article{YJ07,
	Author = {G. Yang and P. Jiang},
	Date-Added = {2014-07-04 08:04:27 +0000},
	Date-Modified = {2014-09-24 05:28:42 +0000},
	Journal = {Applied Mathematics and Computation},
	Pages = {194-205},
	Title = {\text{SSOR} and \text{ASSOR} preconditioners for \text{Block-Broyden} method},
	Volume = {188},
	Year = {2007}}

@book{Saa03,
	Address = {Philadelphia, PA},
	Author = {Y. Saad},
	Date-Added = {2014-07-04 07:55:04 +0000},
	Date-Modified = {2014-07-09 14:06:48 +0000},
	Publisher = {Society for Industrial and Applied Mathematics},
	Title = {Iterative methods for sparse linear systems},
	Year = {2003}}

@booklet{She94,
	Address = {School of Computer Science, Carnegie Mellon University, Pittsburgh},
	Author = {J.R. Shewchuk},
	Date-Added = {2014-07-04 07:47:09 +0000},
	Date-Modified = {2014-09-24 05:22:48 +0000},
	Title = {An introduction to the conjugate gradient method without the agonizing pain},
	Year = {1994}}

@article{CHMO96,
	Author = {Y. C. Chang and T. Y. Hou and B. Merriman and S. Osher},
	Date-Added = {2014-07-03 09:26:57 +0000},
	Date-Modified = {2014-09-23 22:28:58 +0000},
	Journal = {Journal of Computational Physics},
	Number = {449-464},
	Title = {A level set formulation of \text{Eulerian} interface capturing methods for incompressible fluid flows},
	Volume = {124},
	Year = {1996}}

@article{Hys06,
	Author = {S. Hysing},
	Date-Added = {2014-07-02 12:50:16 +0000},
	Date-Modified = {2014-07-02 12:51:52 +0000},
	Journal = {International Journal for Numerical Methods in Fluids},
	Pages = {659-672},
	Title = {A new implicit surface tension implementation for interfacial flows},
	Volume = {51},
	Year = {2006},
	Bdsk-File-1 = {YnBsaXN0MDDUAQIDBAUGJCVYJHZlcnNpb25YJG9iamVjdHNZJGFyY2hpdmVyVCR0b3ASAAGGoKgHCBMUFRYaIVUkbnVsbNMJCgsMDxJXTlMua2V5c1pOUy5vYmplY3RzViRjbGFzc6INDoACgAOiEBGABIAFgAdccmVsYXRpdmVQYXRoWWFsaWFzRGF0YV8QKy4uLy4uLy4uL3JlZmVyZW5jZS9UZW5zaW9uU3VyZmFjZS9IeXMwNi5wZGbSFwsYGVdOUy5kYXRhTxEBjAAAAAABjAACAAAMTWFjaW50b3NoIEhEAAAAAAAAAAAAAAAAAAAAyMOMJ0grAAABWPZFCUh5czA2LnBkZgAAAAAAAAAAAAAAAAAAAAAAAAAAAAAAAAAAAAAAAAAAAAAAAAAAAAAAAAAAAAAAAAAAAAAAAAIUtQXP2hLeUERGIENBUk8AAwADAAAJIAAAAAAAAAAAAAAAAAAAAA5UZW5zaW9uU3VyZmFjZQAQAAgAAMjDKbcAAAARAAgAAM/ZsG4AAAABABABWPZFAWYU7gFSDZoAAJZCAAIAPU1hY2ludG9zaCBIRDpVc2VyczoAbWFpOgByZWZlcmVuY2U6AFRlbnNpb25TdXJmYWNlOgBIeXMwNi5wZGYAAA4AFAAJAEgAeQBzADAANgAuAHAAZABmAA8AGgAMAE0AYQBjAGkAbgB0AG8AcwBoACAASABEABIALFVzZXJzL21haS9yZWZlcmVuY2UvVGVuc2lvblN1cmZhY2UvSHlzMDYucGRmABMAAS8AABUAAgAK//8AAIAG0hscHR5aJGNsYXNzbmFtZVgkY2xhc3Nlc11OU011dGFibGVEYXRhox0fIFZOU0RhdGFYTlNPYmplY3TSGxwiI1xOU0RpY3Rpb25hcnmiIiBfEA9OU0tleWVkQXJjaGl2ZXLRJidUcm9vdIABAAgAEQAaACMALQAyADcAQABGAE0AVQBgAGcAagBsAG4AcQBzAHUAdwCEAI4AvADBAMkCWQJbAmACawJ0AoIChgKNApYCmwKoAqsCvQLAAsUAAAAAAAACAQAAAAAAAAAoAAAAAAAAAAAAAAAAAAACxw==}}

@article{GRR06,
	Author = {S. Grob and V. Reichelt and A. Reusken},
	Date-Added = {2014-07-02 10:10:04 +0000},
	Date-Modified = {2014-07-02 12:45:10 +0000},
	Journal = {Journal Computing and Visualization in Science},
	Month = {November},
	Number = {4},
	Pages = {239-257},
	Title = {A finite element based level set method for two-phase incompressible flows},
	Volume = {9},
	Year = {2006}}

@book{GR11,
	Author = {S. Gross and A. Reusken},
	Date-Added = {2014-07-02 09:46:18 +0000},
	Date-Modified = {2014-07-02 09:46:18 +0000},
	Publisher = {Springer},
	Series = {Springer Series in Computational Mathematics},
	Title = {Numerical methods for two-phase incompressible flows},
	Volume = {40},
	Year = {2011}}

@article{BKZ92,
	Author = {J. U. BrackBill and D. B. Kothe and C. Zemach},
	Date-Added = {2014-07-02 09:04:12 +0000},
	Date-Modified = {2014-07-02 09:12:13 +0000},
	Journal = {Journal of Computational Physics},
	Pages = {335-354},
	Title = {A continuum method for modeling surface tension},
	Volume = {100},
	Year = {1992},
	Bdsk-File-1 = {YnBsaXN0MDDUAQIDBAUGJCVYJHZlcnNpb25YJG9iamVjdHNZJGFyY2hpdmVyVCR0b3ASAAGGoKgHCBMUFRYaIVUkbnVsbNMJCgsMDxJXTlMua2V5c1pOUy5vYmplY3RzViRjbGFzc6INDoACgAOiEBGABIAFgAdccmVsYXRpdmVQYXRoWWFsaWFzRGF0YV8QKy4uLy4uLy4uL3JlZmVyZW5jZS9UZW5zaW9uU3VyZmFjZS9CS1o5Mi5wZGbSFwsYGVdOUy5kYXRhTxEBjAAAAAABjAACAAAMTWFjaW50b3NoIEhEAAAAAAAAAAAAAAAAAAAAyMOMJ0grAAABWPZFCUJLWjkyLnBkZgAAAAAAAAAAAAAAAAAAAAAAAAAAAAAAAAAAAAAAAAAAAAAAAAAAAAAAAAAAAAAAAAAAAAAAAAIUp67P2d7VUERGIENBUk8AAwADAAAJIAAAAAAAAAAAAAAAAAAAAA5UZW5zaW9uU3VyZmFjZQAQAAgAAMjDKbcAAAARAAgAAM/ZfGUAAAABABABWPZFAWYU7gFSDZoAAJZCAAIAPU1hY2ludG9zaCBIRDpVc2VyczoAbWFpOgByZWZlcmVuY2U6AFRlbnNpb25TdXJmYWNlOgBCS1o5Mi5wZGYAAA4AFAAJAEIASwBaADkAMgAuAHAAZABmAA8AGgAMAE0AYQBjAGkAbgB0AG8AcwBoACAASABEABIALFVzZXJzL21haS9yZWZlcmVuY2UvVGVuc2lvblN1cmZhY2UvQktaOTIucGRmABMAAS8AABUAAgAK//8AAIAG0hscHR5aJGNsYXNzbmFtZVgkY2xhc3Nlc11OU011dGFibGVEYXRhox0fIFZOU0RhdGFYTlNPYmplY3TSGxwiI1xOU0RpY3Rpb25hcnmiIiBfEA9OU0tleWVkQXJjaGl2ZXLRJidUcm9vdIABAAgAEQAaACMALQAyADcAQABGAE0AVQBgAGcAagBsAG4AcQBzAHUAdwCEAI4AvADBAMkCWQJbAmACawJ0AoIChgKNApYCmwKoAqsCvQLAAsUAAAAAAAACAQAAAAAAAAAoAAAAAAAAAAAAAAAAAAACxw==}}

@article{GLM06,
	Author = {V. Girault and H. L\'opez and B. Maury},
	Date-Added = {2014-07-01 15:08:32 +0000},
	Date-Modified = {2014-10-03 13:37:33 +0000},
	Journal = {Numercical Methods Partial Differential Equations},
	Number = {3},
	Pages = {680-707},
	Title = {One time-step finite element discretization of the equation of motion of two-fluid flows},
	Volume = {22},
	Year = {2006},
	Bdsk-File-1 = {YnBsaXN0MDDUAQIDBAUGJCVYJHZlcnNpb25YJG9iamVjdHNZJGFyY2hpdmVyVCR0b3ASAAGGoKgHCBMUFRYaIVUkbnVsbNMJCgsMDxJXTlMua2V5c1pOUy5vYmplY3RzViRjbGFzc6INDoACgAOiEBGABIAFgAdccmVsYXRpdmVQYXRoWWFsaWFzRGF0YV8QMi4uLy4uLy4uL3JlZmVyZW5jZS9kb3NzaWVyIHNhbnMgdGl0cmUvVHdvRmx1aWQucGRm0hcLGBlXTlMuZGF0YU8RAaQAAAAAAaQAAgAADE1hY2ludG9zaCBIRAAAAAAAAAAAAAAAAAAAAMjDjCdIKwAAAX9avgxUd29GbHVpZC5wZGYAAAAAAAAAAAAAAAAAAAAAAAAAAAAAAAAAAAAAAAAAAAAAAAAAAAAAAAAAAAAAAAAAAAAByO5Lzc0mLgAAAAAAAAAAAAMAAwAACSAAAAAAAAAAAAAAAAAAAAASZG9zc2llciBzYW5zIHRpdHJlABAACAAAyMMptwAAABEACAAAzczDvgAAAAEAEAF/Wr4BZhTuAVINmgAAlkIAAgBETWFjaW50b3NoIEhEOlVzZXJzOgBtYWk6AHJlZmVyZW5jZToAZG9zc2llciBzYW5zIHRpdHJlOgBUd29GbHVpZC5wZGYADgAaAAwAVAB3AG8ARgBsAHUAaQBkAC4AcABkAGYADwAaAAwATQBhAGMAaQBuAHQAbwBzAGgAIABIAEQAEgAzVXNlcnMvbWFpL3JlZmVyZW5jZS9kb3NzaWVyIHNhbnMgdGl0cmUvVHdvRmx1aWQucGRmAAATAAEvAAAVAAIACv//AACABtIbHB0eWiRjbGFzc25hbWVYJGNsYXNzZXNdTlNNdXRhYmxlRGF0YaMdHyBWTlNEYXRhWE5TT2JqZWN00hscIiNcTlNEaWN0aW9uYXJ5oiIgXxAPTlNLZXllZEFyY2hpdmVy0SYnVHJvb3SAAQAIABEAGgAjAC0AMgA3AEAARgBNAFUAYABnAGoAbABuAHEAcwB1AHcAhACOAMMAyADQAngCegJ/AooCkwKhAqUCrAK1AroCxwLKAtwC3wLkAAAAAAAAAgEAAAAAAAAAKAAAAAAAAAAAAAAAAAAAAuY=}}

@conference{Fre00,
	Author = {P. Frey},
	Booktitle = {Proc. 9th Int. Meshing Roundtable},
	Date-Added = {2014-07-01 13:41:55 +0000},
	Date-Modified = {2014-07-01 13:50:52 +0000},
	Organization = {Sandia National Labs, New Orleans, LA},
	Pages = {123-136},
	Title = {About surface remeshing},
	Year = {2000}}

@article{SSO94,
	Author = {M. Sussman and P. Smereka and S. Osher},
	Date-Added = {2014-07-01 09:56:43 +0000},
	Date-Modified = {2014-07-01 09:59:30 +0000},
	Journal = {Journal of Computational Physics},
	Pages = {146-159},
	Title = {A level set approach for computing solutions to in compressible two-phase flow},
	Volume = {114},
	Year = {1994},
	Bdsk-File-1 = {YnBsaXN0MDDUAQIDBAUGJCVYJHZlcnNpb25YJG9iamVjdHNZJGFyY2hpdmVyVCR0b3ASAAGGoKgHCBMUFRYaIVUkbnVsbNMJCgsMDxJXTlMua2V5c1pOUy5vYmplY3RzViRjbGFzc6INDoACgAOiEBGABIAFgAdccmVsYXRpdmVQYXRoWWFsaWFzRGF0YV8QJC4uLy4uLy4uL3JlZmVyZW5jZS9iaWZsdWlkL1NTTzk0LnBkZtIXCxgZV05TLmRhdGFPEQF4AAAAAAF4AAIAAAxNYWNpbnRvc2ggSEQAAAAAAAAAAAAAAAAAAADIw4wnSCsAAAIQ8QEJU1NPOTQucGRmAAAAAAAAAAAAAAAAAAAAAAAAAAAAAAAAAAAAAAAAAAAAAAAAAAAAAAAAAAAAAAAAAAAAAAAAAhDxCM/Fw61QREYgQ0FSTwADAAMAAAkgAAAAAAAAAAAAAAAAAAAAB2JpZmx1aWQAABAACAAAyMMptwAAABEACAAAz8VhPQAAAAEAEAIQ8QEBZhTuAVINmgAAlkIAAgA2TWFjaW50b3NoIEhEOlVzZXJzOgBtYWk6AHJlZmVyZW5jZToAYmlmbHVpZDoAU1NPOTQucGRmAA4AFAAJAFMAUwBPADkANAAuAHAAZABmAA8AGgAMAE0AYQBjAGkAbgB0AG8AcwBoACAASABEABIAJVVzZXJzL21haS9yZWZlcmVuY2UvYmlmbHVpZC9TU085NC5wZGYAABMAAS8AABUAAgAK//8AAIAG0hscHR5aJGNsYXNzbmFtZVgkY2xhc3Nlc11OU011dGFibGVEYXRhox0fIFZOU0RhdGFYTlNPYmplY3TSGxwiI1xOU0RpY3Rpb25hcnmiIiBfEA9OU0tleWVkQXJjaGl2ZXLRJidUcm9vdIABAAgAEQAaACMALQAyADcAQABGAE0AVQBgAGcAagBsAG4AcQBzAHUAdwCEAI4AtQC6AMICPgJAAkUCUAJZAmcCawJyAnsCgAKNApACogKlAqoAAAAAAAACAQAAAAAAAAAoAAAAAAAAAAAAAAAAAAACrA==}}

@article{PLT92,
	Author = {O. Pironneau and J. Liou and T. Tezduyar},
	Date-Added = {2014-06-16 09:21:09 +0000},
	Date-Modified = {2014-09-24 05:21:46 +0000},
	Journal = {Computer Methods in Applied Mechanics and Engineering},
	Number = {117-141},
	Title = {\text{Characteristic-Galerkin} and \text{Galerkin}/least-squares space-time formulations for the advectiondiffusion equation with time-denpendent domains},
	Volume = {100},
	Year = {1992}}

@article{MPS88,
	Author = {K.W. Morton and A. Priestley and E. Suli},
	Date-Added = {2014-06-13 06:48:39 +0000},
	Date-Modified = {2014-09-24 05:19:56 +0000},
	Journal = {RAIRO-Mod{\'e}lisation math{\'e}matique et analyse num{\'e}rique},
	Number = {4},
	Pages = {625-653},
	Title = {Stability of the \text{Lagrange-Galerkin} method with non-exact integration},
	Volume = {22},
	Year = {1988},
	Bdsk-File-1 = {YnBsaXN0MDDUAQIDBAUGJCVYJHZlcnNpb25YJG9iamVjdHNZJGFyY2hpdmVyVCR0b3ASAAGGoKgHCBMUFRYaIVUkbnVsbNMJCgsMDxJXTlMua2V5c1pOUy5vYmplY3RzViRjbGFzc6INDoACgAOiEBGABIAFgAdccmVsYXRpdmVQYXRoWWFsaWFzRGF0YV8QKy4uLy4uLy4uL3JlZmVyZW5jZS9DaGFyYWN0ZXJpc3RpYy9NUFM4OC5wZGbSFwsYGVdOUy5kYXRhTxEBjAAAAAABjAACAAAMTWFjaW50b3NoIEhEAAAAAAAAAAAAAAAAAAAAyMOMJ0grAAABmAmlCU1QUzg4LnBkZgAAAAAAAAAAAAAAAAAAAAAAAAAAAAAAAAAAAAAAAAAAAAAAAAAAAAAAAAAAAAAAAAAAAAAAAAIOQbLPsn4jUERGIENBUk8AAwADAAAJIAAAAAAAAAAAAAAAAAAAAA5DaGFyYWN0ZXJpc3RpYwAQAAgAAMjDKbcAAAARAAgAAM+yG7MAAAABABABmAmlAWYU7gFSDZoAAJZCAAIAPU1hY2ludG9zaCBIRDpVc2VyczoAbWFpOgByZWZlcmVuY2U6AENoYXJhY3RlcmlzdGljOgBNUFM4OC5wZGYAAA4AFAAJAE0AUABTADgAOAAuAHAAZABmAA8AGgAMAE0AYQBjAGkAbgB0AG8AcwBoACAASABEABIALFVzZXJzL21haS9yZWZlcmVuY2UvQ2hhcmFjdGVyaXN0aWMvTVBTODgucGRmABMAAS8AABUAAgAK//8AAIAG0hscHR5aJGNsYXNzbmFtZVgkY2xhc3Nlc11OU011dGFibGVEYXRhox0fIFZOU0RhdGFYTlNPYmplY3TSGxwiI1xOU0RpY3Rpb25hcnmiIiBfEA9OU0tleWVkQXJjaGl2ZXLRJidUcm9vdIABAAgAEQAaACMALQAyADcAQABGAE0AVQBgAGcAagBsAG4AcQBzAHUAdwCEAI4AvADBAMkCWQJbAmACawJ0AoIChgKNApYCmwKoAqsCvQLAAsUAAAAAAAACAQAAAAAAAAAoAAAAAAAAAAAAAAAAAAACxw==}}

@techreport{Fou02,
	Author = {G. Fourestey},
	Date-Added = {2014-06-13 06:21:34 +0000},
	Date-Modified = {2014-09-18 17:00:33 +0000},
	Institution = {INRIA Rocquencourt},
	Number = {4505},
	Title = {Stabilit{\'e} des m{\'e}thodes de \text{Lagrange-Galerkin} du premier et du second ordre},
	Year = {2002},
	Bdsk-File-1 = {YnBsaXN0MDDUAQIDBAUGJCVYJHZlcnNpb25YJG9iamVjdHNZJGFyY2hpdmVyVCR0b3ASAAGGoKgHCBMUFRYaIVUkbnVsbNMJCgsMDxJXTlMua2V5c1pOUy5vYmplY3RzViRjbGFzc6INDoACgAOiEBGABIAFgAdccmVsYXRpdmVQYXRoWWFsaWFzRGF0YV8QMy4uLy4uLy4uL3JlZmVyZW5jZS9DaGFyYWN0ZXJpc3RpYy9Gb3UwMl9SUi00NTA1LnBkZtIXCxgZV05TLmRhdGFPEQGsAAAAAAGsAAIAAAxNYWNpbnRvc2ggSEQAAAAAAAAAAAAAAAAAAADIw4wnSCsAAAGYCaURRm91MDJfUlItNDUwNS5wZGYAAAAAAAAAAAAAAAAAAAAAAAAAAAAAAAAAAAAAAAAAAAAAAAAAAAAAAAAAAAAAAg5BiM+yfE1QREYgQ0FSTwADAAMAAAkgAAAAAAAAAAAAAAAAAAAADkNoYXJhY3RlcmlzdGljABAACAAAyMMptwAAABEACAAAz7IZ3QAAAAEAEAGYCaUBZhTuAVINmgAAlkIAAgBFTWFjaW50b3NoIEhEOlVzZXJzOgBtYWk6AHJlZmVyZW5jZToAQ2hhcmFjdGVyaXN0aWM6AEZvdTAyX1JSLTQ1MDUucGRmAAAOACQAEQBGAG8AdQAwADIAXwBSAFIALQA0ADUAMAA1AC4AcABkAGYADwAaAAwATQBhAGMAaQBuAHQAbwBzAGgAIABIAEQAEgA0VXNlcnMvbWFpL3JlZmVyZW5jZS9DaGFyYWN0ZXJpc3RpYy9Gb3UwMl9SUi00NTA1LnBkZgATAAEvAAAVAAIACv//AACABtIbHB0eWiRjbGFzc25hbWVYJGNsYXNzZXNdTlNNdXRhYmxlRGF0YaMdHyBWTlNEYXRhWE5TT2JqZWN00hscIiNcTlNEaWN0aW9uYXJ5oiIgXxAPTlNLZXllZEFyY2hpdmVy0SYnVHJvb3SAAQAIABEAGgAjAC0AMgA3AEAARgBNAFUAYABnAGoAbABuAHEAcwB1AHcAhACOAMQAyQDRAoECgwKIApMCnAKqAq4CtQK+AsMC0ALTAuUC6ALtAAAAAAAAAgEAAAAAAAAAKAAAAAAAAAAAAAAAAAAAAu8=}}

@article{Bur03,
	Author = {M. Burger},
	Date-Added = {2014-05-06 08:42:56 +0000},
	Date-Modified = {2014-05-06 08:44:46 +0000},
	Journal = {Interfaces and Free Boundaries},
	Pages = {301-329},
	Title = {A framework for the construction of level-set methods for shape optimization and reconstruction},
	Volume = {5},
	Year = {2003},
	Bdsk-File-1 = {YnBsaXN0MDDUAQIDBAUGJCVYJHZlcnNpb25YJG9iamVjdHNZJGFyY2hpdmVyVCR0b3ASAAGGoKgHCBMUFRYaIVUkbnVsbNMJCgsMDxJXTlMua2V5c1pOUy5vYmplY3RzViRjbGFzc6INDoACgAOiEBGABIAFgAdccmVsYXRpdmVQYXRoWWFsaWFzRGF0YV8QKC4uLy4uLy4uL3JlZmVyZW5jZS9MZXZlbFNldC9idXJnZXIwMy5wZGbSFwsYGVdOUy5kYXRhTxEBhgAAAAABhgACAAAMTWFjaW50b3NoIEhEAAAAAAAAAAAAAAAAAAAAyMOMJ0grAAABn+JjDGJ1cmdlcjAzLnBkZgAAAAAAAAAAAAAAAAAAAAAAAAAAAAAAAAAAAAAAAAAAAAAAAAAAAAAAAAAAAAAAAAAAAAIIL2rPjrLkUERGIENBUk8AAwADAAAJIAAAAAAAAAAAAAAAAAAAAAhMZXZlbFNldAAQAAgAAMjDKbcAAAARAAgAAM+OUHQAAAABABABn+JjAWYU7gFSDZoAAJZCAAIAOk1hY2ludG9zaCBIRDpVc2VyczoAbWFpOgByZWZlcmVuY2U6AExldmVsU2V0OgBidXJnZXIwMy5wZGYADgAaAAwAYgB1AHIAZwBlAHIAMAAzAC4AcABkAGYADwAaAAwATQBhAGMAaQBuAHQAbwBzAGgAIABIAEQAEgApVXNlcnMvbWFpL3JlZmVyZW5jZS9MZXZlbFNldC9idXJnZXIwMy5wZGYAABMAAS8AABUAAgAK//8AAIAG0hscHR5aJGNsYXNzbmFtZVgkY2xhc3Nlc11OU011dGFibGVEYXRhox0fIFZOU0RhdGFYTlNPYmplY3TSGxwiI1xOU0RpY3Rpb25hcnmiIiBfEA9OU0tleWVkQXJjaGl2ZXLRJidUcm9vdIABAAgAEQAaACMALQAyADcAQABGAE0AVQBgAGcAagBsAG4AcQBzAHUAdwCEAI4AuQC+AMYCUAJSAlcCYgJrAnkCfQKEAo0CkgKfAqICtAK3ArwAAAAAAAACAQAAAAAAAAAoAAAAAAAAAAAAAAAAAAACvg==}}

@article{OS88,
	Author = {S. Osher and J.A. Sethian},
	Date-Added = {2014-04-28 12:02:07 +0000},
	Date-Modified = {2014-05-20 09:36:18 +0000},
	Journal = {Journal of Computational Physics},
	Pages = {1-49},
	Title = {Fronts propagating with curvature-dependent speed: algorithms based on \text{Hamilton-Jacobi} formulations-Jacobi formulations},
	Volume = {79},
	Year = {1988}}

@book{BBD+06,
	Author = {D. Boffi and F. Brezzi and L. F. Demkowicz and R. G. Dur\'an and Richard S. Falk and M Fortin},
	Date-Added = {2014-04-22 08:27:06 +0000},
	Date-Modified = {2014-04-22 08:32:34 +0000},
	Publisher = {Springer},
	Title = {Mixed Finite Elements, Compatibility Conditions, and Applications},
	Year = {2006},
	Bdsk-File-1 = {YnBsaXN0MDDUAQIDBAUGJCVYJHZlcnNpb25YJG9iamVjdHNZJGFyY2hpdmVyVCR0b3ASAAGGoKgHCBMUFRYaIVUkbnVsbNMJCgsMDxJXTlMua2V5c1pOUy5vYmplY3RzViRjbGFzc6INDoACgAOiEBGABIAFgAdccmVsYXRpdmVQYXRoWWFsaWFzRGF0YV8QLy4uLy4uLy4uL3JlZmVyZW5jZS9OYXZpZXJTdG9rZXMvU3Rva2VzX2Jvb2sucGRm0hcLGBlXTlMuZGF0YU8RAZ4AAAAAAZ4AAgAADE1hY2ludG9zaCBIRAAAAAAAAAAAAAAAAAAAAMjDjCdIKwAAAW340Q9TdG9rZXNfYm9vay5wZGYAAAAAAAAAAAAAAAAAAAAAAAAAAAAAAAAAAAAAAAAAAAAAAAAAAAAAAAAAAAAAAAACA39zz3w6KFBERiBDQVJPAAMAAwAACSAAAAAAAAAAAAAAAAAAAAAMTmF2aWVyU3Rva2VzABAACAAAyMMptwAAABEACAAAz3vXuAAAAAEAEAFt+NEBZhTuAVINmgAAlkIAAgBBTWFjaW50b3NoIEhEOlVzZXJzOgBtYWk6AHJlZmVyZW5jZToATmF2aWVyU3Rva2VzOgBTdG9rZXNfYm9vay5wZGYAAA4AIAAPAFMAdABvAGsAZQBzAF8AYgBvAG8AawAuAHAAZABmAA8AGgAMAE0AYQBjAGkAbgB0AG8AcwBoACAASABEABIAMFVzZXJzL21haS9yZWZlcmVuY2UvTmF2aWVyU3Rva2VzL1N0b2tlc19ib29rLnBkZgATAAEvAAAVAAIACv//AACABtIbHB0eWiRjbGFzc25hbWVYJGNsYXNzZXNdTlNNdXRhYmxlRGF0YaMdHyBWTlNEYXRhWE5TT2JqZWN00hscIiNcTlNEaWN0aW9uYXJ5oiIgXxAPTlNLZXllZEFyY2hpdmVy0SYnVHJvb3SAAQAIABEAGgAjAC0AMgA3AEAARgBNAFUAYABnAGoAbABuAHEAcwB1AHcAhACOAMAAxQDNAm8CcQJ2AoECigKYApwCowKsArECvgLBAtMC1gLbAAAAAAAAAgEAAAAAAAAAKAAAAAAAAAAAAAAAAAAAAt0=}}

@book{AHU58,
	Author = {K.J. Arrow and L. Hurwicz and H. Uzawa},
	Date-Added = {2014-04-17 14:05:42 +0000},
	Date-Modified = {2014-05-20 09:24:43 +0000},
	Publisher = {Stanford University Press, Stanford, Calif},
	Title = {Studies in linear and non-linear programming},
	Volume = {II},
	Year = {1958}}

@phdthesis{Dap13,
	Author = {C. Dapogny},
	Date-Added = {2014-04-17 09:34:52 +0000},
	Date-Modified = {2014-08-04 14:54:51 +0000},
	School = {Universite Pierre et Marie Curie},
	Title = {Shape optimization, level set methods on unstructured meshes and mesh evolution},
	Year = {2013}}

@book{All06,
	Author = {G. Allaire},
	Date-Added = {2014-04-16 08:26:43 +0000},
	Date-Modified = {2014-04-16 08:28:40 +0000},
	Publisher = {Springer, Heidelberg},
	Title = {Conception optimale de structures, Mathematiques et Applications},
	Volume = {58},
	Year = {2006}}

@conference{BIK+80,
	Author = {J.P. Benqu{\'e} and B. Ibler and A. Keramsi and G. Labadir},
	Date-Added = {2014-04-15 20:41:30 +0000},
	Date-Modified = {2014-05-20 09:26:11 +0000},
	Organization = {Proceedings of the third international conference on the finite elements in flow problems},
	Title = {A finite element method for the \text{Navier-Stokes} equations},
	Year = {1980}}

@conference{MGR06,
	Address = {TU Delft, Delft The Netherland},
	Author = {E. Marchandise and P. Geuzainey and J.F Remacle},
	Booktitle = {European Conference on Computational Fluid Dynamics},
	Date-Added = {2013-12-18 12:56:17 +0000},
	Date-Modified = {2013-12-18 13:00:23 +0000},
	Title = {LEVEL SET BASED PARALLEL COMPUTATIONS OF UNSTEADY FREE SURFACE FLOWS},
	Year = {2006},
	Bdsk-File-1 = {YnBsaXN0MDDUAQIDBAUGJCVYJHZlcnNpb25YJG9iamVjdHNZJGFyY2hpdmVyVCR0b3ASAAGGoKgHCBMUFRYaIVUkbnVsbNMJCgsMDxJXTlMua2V5c1pOUy5vYmplY3RzViRjbGFzc6INDoACgAOiEBGABIAFgAdccmVsYXRpdmVQYXRoWWFsaWFzRGF0YV8QKi4uL3JlZmVyZW5jZS9pbnRybyAvTUdSMDZfTFMzRFBhcmFsbGVsLnBkZtIXCxgZV05TLmRhdGFPEQHwAAAAAAHwAAIAAAxNYWNpbnRvc2ggSEQAAAAAAAAAAAAAAAAAAADIw0XXSCsAAAHikf8WTUdSMDZfTFMzRFBhcmFsbGVsLnBkZgAAAAAAAAAAAAAAAAAAAAAAAAAAAAAAAAAAAAAAAAAAAAAAAAAAAAAAAeKSH87JAH1QREYgQ0FSTwABAAMAAAkgAAAAAAAAAAAAAAAAAAAABmludHJvIAAQAAgAAMjDKbcAAAARAAgAAM7I8m0AAAABABgB4pH/AeKGSAGaOyIBhkwlAVINmgAAlkIAAgBjTWFjaW50b3NoIEhEOlVzZXJzOgBtYWk6AEJveCBEb2N1bWVudHM6AHRyYXZhaWwgZW4gY291cnM6AHJlZmVyZW5jZToAaW50cm8gOgBNR1IwNl9MUzNEUGFyYWxsZWwucGRmAAAOAC4AFgBNAEcAUgAwADYAXwBMAFMAMwBEAFAAYQByAGEAbABsAGUAbAAuAHAAZABmAA8AGgAMAE0AYQBjAGkAbgB0AG8AcwBoACAASABEABIAUFVzZXJzL21haS9Cb3ggRG9jdW1lbnRzL3RyYXZhaWwgZW4gY291cnMvcmVmZXJlbmNlL2ludHJvIC9NR1IwNl9MUzNEUGFyYWxsZWwucGRmABMAAS8AABUAAgAK//8AAIAG0hscHR5aJGNsYXNzbmFtZVgkY2xhc3Nlc11OU011dGFibGVEYXRhox0fIFZOU0RhdGFYTlNPYmplY3TSGxwiI1xOU0RpY3Rpb25hcnmiIiBfEA9OU0tleWVkQXJjaGl2ZXLRJidUcm9vdIABAAgAEQAaACMALQAyADcAQABGAE0AVQBgAGcAagBsAG4AcQBzAHUAdwCEAI4AuwDAAMgCvAK+AsMCzgLXAuUC6QLwAvkC/gMLAw4DIAMjAygAAAAAAAACAQAAAAAAAAAoAAAAAAAAAAAAAAAAAAADKg==}}

@article{ALT+98,
	Author = {G. Agresar and J.J. Linderman and G. Tryggvason and K.G. Powell},
	Date-Added = {2013-12-18 09:37:00 +0000},
	Date-Modified = {2014-05-20 10:20:11 +0000},
	Journal = {Journal of Computational Physics},
	Number = {346-380},
	Title = {An Adaptive, Cartesian, Front-Tracking Method for the Motion, Deformation and Adhesion of Circulating Cells},
	Volume = {143},
	Year = {1998},
	Bdsk-File-1 = {YnBsaXN0MDDUAQIDBAUGJCVYJHZlcnNpb25YJG9iamVjdHNZJGFyY2hpdmVyVCR0b3ASAAGGoKgHCBMUFRYaIVUkbnVsbNMJCgsMDxJXTlMua2V5c1pOUy5vYmplY3RzViRjbGFzc6INDoACgAOiEBGABIAFgAdccmVsYXRpdmVQYXRoWWFsaWFzRGF0YV8QJy4uL3JlZmVyZW5jZS9pbnRybyAvQUxUKzk4X3RyYWNraW5nLnBkZtIXCxgZV05TLmRhdGFPEQHkAAAAAAHkAAIAAAxNYWNpbnRvc2ggSEQAAAAAAAAAAAAAAAAAAADIw0XXSCsAAAHikf8TQUxUKzk4X3RyYWNraW5nLnBkZgAAAAAAAAAAAAAAAAAAAAAAAAAAAAAAAAAAAAAAAAAAAAAAAAAAAAAAAAAAAeKSBc7M7GpQREYgQ0FSTwABAAMAAAkgAAAAAAAAAAAAAAAAAAAABmludHJvIAAQAAgAAMjDKbcAAAARAAgAAM7M3loAAAABABgB4pH/AeKGSAGaOyIBhkwlAVINmgAAlkIAAgBgTWFjaW50b3NoIEhEOlVzZXJzOgBtYWk6AEJveCBEb2N1bWVudHM6AHRyYXZhaWwgZW4gY291cnM6AHJlZmVyZW5jZToAaW50cm8gOgBBTFQrOThfdHJhY2tpbmcucGRmAA4AKAATAEEATABUACsAOQA4AF8AdAByAGEAYwBrAGkAbgBnAC4AcABkAGYADwAaAAwATQBhAGMAaQBuAHQAbwBzAGgAIABIAEQAEgBNVXNlcnMvbWFpL0JveCBEb2N1bWVudHMvdHJhdmFpbCBlbiBjb3Vycy9yZWZlcmVuY2UvaW50cm8gL0FMVCs5OF90cmFja2luZy5wZGYAABMAAS8AABUAAgAK//8AAIAG0hscHR5aJGNsYXNzbmFtZVgkY2xhc3Nlc11OU011dGFibGVEYXRhox0fIFZOU0RhdGFYTlNPYmplY3TSGxwiI1xOU0RpY3Rpb25hcnmiIiBfEA9OU0tleWVkQXJjaGl2ZXLRJidUcm9vdIABAAgAEQAaACMALQAyADcAQABGAE0AVQBgAGcAagBsAG4AcQBzAHUAdwCEAI4AuAC9AMUCrQKvArQCvwLIAtYC2gLhAuoC7wL8Av8DEQMUAxkAAAAAAAACAQAAAAAAAAAoAAAAAAAAAAAAAAAAAAADGw==}}

@article{DF11,
	Author = {C. Dapogny and P. Frey},
	Date-Added = {2013-12-17 11:13:10 +0000},
	Date-Modified = {2013-12-17 11:13:54 +0000},
	Journal = {Journal of Computational Physics},
	Title = {Computation of the signed distance function to a discrete contour on adapted triangulation.},
	Year = {2011},
	Bdsk-File-1 = {YnBsaXN0MDDUAQIDBAUGJCVYJHZlcnNpb25YJG9iamVjdHNZJGFyY2hpdmVyVCR0b3ASAAGGoKgHCBMUFRYaIVUkbnVsbNMJCgsMDxJXTlMua2V5c1pOUy5vYmplY3RzViRjbGFzc6INDoACgAOiEBGABIAFgAdccmVsYXRpdmVQYXRoWWFsaWFzRGF0YV8QKC4uLy4uLy4uL3JlZmVyZW5jZS9MZXZlbFNldC9kaXN0YW5jZS5wZGbSFwsYGVdOUy5kYXRhTxEBhgAAAAABhgACAAAMTWFjaW50b3NoIEhEAAAAAAAAAAAAAAAAAAAAyMOMJ0grAAABn+JjDGRpc3RhbmNlLnBkZgAAAAAAAAAAAAAAAAAAAAAAAAAAAAAAAAAAAAAAAAAAAAAAAAAAAAAAAAAAAAAAAAAAAAHdGpjOtYhJUERGIENBUk8AAwADAAAJIAAAAAAAAAAAAAAAAAAAAAhMZXZlbFNldAAQAAgAAMjDKbcAAAARAAgAAM61JdkAAAABABABn+JjAWYU7gFSDZoAAJZCAAIAOk1hY2ludG9zaCBIRDpVc2VyczoAbWFpOgByZWZlcmVuY2U6AExldmVsU2V0OgBkaXN0YW5jZS5wZGYADgAaAAwAZABpAHMAdABhAG4AYwBlAC4AcABkAGYADwAaAAwATQBhAGMAaQBuAHQAbwBzAGgAIABIAEQAEgApVXNlcnMvbWFpL3JlZmVyZW5jZS9MZXZlbFNldC9kaXN0YW5jZS5wZGYAABMAAS8AABUAAgAK//8AAIAG0hscHR5aJGNsYXNzbmFtZVgkY2xhc3Nlc11OU011dGFibGVEYXRhox0fIFZOU0RhdGFYTlNPYmplY3TSGxwiI1xOU0RpY3Rpb25hcnmiIiBfEA9OU0tleWVkQXJjaGl2ZXLRJidUcm9vdIABAAgAEQAaACMALQAyADcAQABGAE0AVQBgAGcAagBsAG4AcQBzAHUAdwCEAI4AuQC+AMYCUAJSAlcCYgJrAnkCfQKEAo0CkgKfAqICtAK3ArwAAAAAAAACAQAAAAAAAAAoAAAAAAAAAAAAAAAAAAACvg==}}

@article{AF05,
	Author = {P.J. Frey and F. Alauzet},
	Date-Added = {2013-12-17 11:10:20 +0000},
	Date-Modified = {2014-05-20 09:19:03 +0000},
	Journal = {Computer Methods in Applied Mechanics and Engineering},
	Pages = {5068-5082},
	Title = {Anisotropic mesh adaptation for \text{CFD} computations},
	Volume = {194},
	Year = {2005},
	Bdsk-File-1 = {YnBsaXN0MDDUAQIDBAUGJCVYJHZlcnNpb25YJG9iamVjdHNZJGFyY2hpdmVyVCR0b3ASAAGGoKgHCBMUFRYaIVUkbnVsbNMJCgsMDxJXTlMua2V5c1pOUy5vYmplY3RzViRjbGFzc6INDoACgAOiEBGABIAFgAdccmVsYXRpdmVQYXRoWWFsaWFzRGF0YV8QKi4uLy4uLy4uL3JlZmVyZW5jZS9NZXNoQWRhcHRhdGlvbi9BRjA1LnBkZtIXCxgZV05TLmRhdGFPEQGIAAAAAAGIAAIAAAxNYWNpbnRvc2ggSEQAAAAAAAAAAAAAAAAAAADIw4wnSCsAAAHdWYgIQUYwNS5wZGYAAAAAAAAAAAAAAAAAAAAAAAAAAAAAAAAAAAAAAAAAAAAAAAAAAAAAAAAAAAAAAAAAAAAAAAAAAd1cz8660tZQREYgQ0FSTwADAAMAAAkgAAAAAAAAAAAAAAAAAAAADk1lc2hBZGFwdGF0aW9uABAACAAAyMMptwAAABEACAAAzrpwZgAAAAEAEAHdWYgBZhTuAVINmgAAlkIAAgA8TWFjaW50b3NoIEhEOlVzZXJzOgBtYWk6AHJlZmVyZW5jZToATWVzaEFkYXB0YXRpb246AEFGMDUucGRmAA4AEgAIAEEARgAwADUALgBwAGQAZgAPABoADABNAGEAYwBpAG4AdABvAHMAaAAgAEgARAASACtVc2Vycy9tYWkvcmVmZXJlbmNlL01lc2hBZGFwdGF0aW9uL0FGMDUucGRmAAATAAEvAAAVAAIACv//AACABtIbHB0eWiRjbGFzc25hbWVYJGNsYXNzZXNdTlNNdXRhYmxlRGF0YaMdHyBWTlNEYXRhWE5TT2JqZWN00hscIiNcTlNEaWN0aW9uYXJ5oiIgXxAPTlNLZXllZEFyY2hpdmVy0SYnVHJvb3SAAQAIABEAGgAjAC0AMgA3AEAARgBNAFUAYABnAGoAbABuAHEAcwB1AHcAhACOALsAwADIAlQCVgJbAmYCbwJ9AoECiAKRApYCowKmArgCuwLAAAAAAAAAAgEAAAAAAAAAKAAAAAAAAAAAAAAAAAAAAsI=}}

@techreport{AF03,
	Author = {F. Alauzet and P. Frey},
	Date-Added = {2013-12-17 11:00:07 +0000},
	Date-Modified = {2014-09-23 20:41:27 +0000},
	Institution = {INRIA},
	Title = {Estimateur d'erreur g{\'e}om{\'e}trique et m{\'e}triques anisotropes pour l'adaptation de maillage. Partie I: aspects th{\'e}oriques.},
	Type = {\text{RR-4759}},
	Year = {2003}}

@article{YJL+06,
	Author = {X. Yang and A. J. James and J. Lowengrub and X. Zheng and V. Cristini},
	Date-Added = {2013-12-17 09:29:53 +0000},
	Date-Modified = {2014-04-17 21:10:15 +0000},
	Journal = {Journal of Computational Physics},
	Pages = {364-394},
	Title = {An adaptive coupled level-set/volume-of-fluid interface capturing method for unstructured triangular grids},
	Volume = {217},
	Year = {2006}}

@article{SJ09,
	Author = {S. Shin and D. Juric},
	Date-Added = {2013-12-17 09:28:31 +0000},
	Date-Modified = {2014-05-20 11:58:48 +0000},
	Journal = {International Journal for Numerical Methods in Fluids},
	Number = {753-778},
	Title = {A hybrid interface method for three dimensional multiphase flows based on front tracking and level set techniques},
	Volume = {60},
	Year = {2009}}

@article{AMW98,
	Author = {D.M. Anderson and G.B. McFadden and A.A. Wheeler},
	Date-Added = {2013-12-17 09:10:06 +0000},
	Date-Modified = {2014-05-20 10:21:14 +0000},
	Journal = {Annual Review of Fluid Mechanics},
	Pages = {139-165},
	Title = {DIFFUSE-INTERFACE METHODS IN FLUID MECHANICS},
	Volume = {30},
	Year = {1998},
	Bdsk-File-1 = {YnBsaXN0MDDUAQIDBAUGJCVYJHZlcnNpb25YJG9iamVjdHNZJGFyY2hpdmVyVCR0b3ASAAGGoKgHCBMUFRYaIVUkbnVsbNMJCgsMDxJXTlMua2V5c1pOUy5vYmplY3RzViRjbGFzc6INDoACgAOiEBGABIAFgAdccmVsYXRpdmVQYXRoWWFsaWFzRGF0YV8QHS4uLy4uLy5UcmFzaC9pbnRybyAvQU1XOTgucGRm0hcLGBlXTlMuZGF0YU8RAW4AAAAAAW4AAgAADE1hY2ludG9zaCBIRAAAAAAAAAAAAAAAAAAAAMjDRddIKwAAAeH0mQlBTVc5OC5wZGYAAAAAAAAAAAAAAAAAAAAAAAAAAAAAAAAAAAAAAAAAAAAAAAAAAAAAAAAAAAAAAAAAAAAAAAAB4na3ztXMhlBERiBDQVJPAAIAAwAACSAAAAAAAAAAAAAAAAAAAAAGaW50cm8gABAACAAAyMMptwAAABEACAAAztW+dgAAAAEAEAHh9JkBVl78AVINmgAAlkIAAgAyTWFjaW50b3NoIEhEOlVzZXJzOgBtYWk6AC5UcmFzaDoAaW50cm8gOgBBTVc5OC5wZGYADgAUAAkAQQBNAFcAOQA4AC4AcABkAGYADwAaAAwATQBhAGMAaQBuAHQAbwBzAGgAIABIAEQAEgAhVXNlcnMvbWFpLy5UcmFzaC9pbnRybyAvQU1XOTgucGRmAAATAAEvAAAVAAIACv//AACABtIbHB0eWiRjbGFzc25hbWVYJGNsYXNzZXNdTlNNdXRhYmxlRGF0YaMdHyBWTlNEYXRhWE5TT2JqZWN00hscIiNcTlNEaWN0aW9uYXJ5oiIgXxAPTlNLZXllZEFyY2hpdmVy0SYnVHJvb3SAAQAIABEAGgAjAC0AMgA3AEAARgBNAFUAYABnAGoAbABuAHEAcwB1AHcAhACOAK4AswC7Ai0CLwI0Aj8CSAJWAloCYQJqAm8CfAJ/ApEClAKZAAAAAAAAAgEAAAAAAAAAKAAAAAAAAAAAAAAAAAAAAps=}}

@article{SP00,
	Author = {M. Sussman and E.G. Puckett},
	Date-Added = {2013-12-17 09:10:05 +0000},
	Date-Modified = {2014-04-15 15:42:50 +0000},
	Journal = {Journal of Computational Physics},
	Pages = {301-337},
	Title = {A coupled level set and volume-of-fluid method for computing 3D and axisymmetric incompressible two-phase flows},
	Volume = {162},
	Year = {2000}}

@article{MG07,
	Author = {C. Min and F. Gibou},
	Date-Added = {2013-12-17 08:19:57 +0000},
	Date-Modified = {2013-12-17 08:21:55 +0000},
	Journal = {Journal of Computational Physics},
	Pages = {300-321},
	Title = {A Second Order Accurate Level Set Method on Non-graded Adaptive Cartesian Grids.},
	Volume = {225},
	Year = {2007},
	Bdsk-File-1 = {YnBsaXN0MDDUAQIDBAUGJCVYJHZlcnNpb25YJG9iamVjdHNZJGFyY2hpdmVyVCR0b3ASAAGGoKgHCBMUFRYaIVUkbnVsbNMJCgsMDxJXTlMua2V5c1pOUy5vYmplY3RzViRjbGFzc6INDoACgAOiEBGABIAFgAdccmVsYXRpdmVQYXRoWWFsaWFzRGF0YV8QHC4uLy4uLy5UcmFzaC9pbnRybyAvTUcwNy5wZGbSFwsYGVdOUy5kYXRhTxEBagAAAAABagACAAAMTWFjaW50b3NoIEhEAAAAAAAAAAAAAAAAAAAAyMNF10grAAAB4fSZCE1HMDcucGRmAAAAAAAAAAAAAAAAAAAAAAAAAAAAAAAAAAAAAAAAAAAAAAAAAAAAAAAAAAAAAAAAAAAAAAAAAAHiWF/O0PyCUERGIENBUk8AAgADAAAJIAAAAAAAAAAAAAAAAAAAAAZpbnRybyAAEAAIAADIwym3AAAAEQAIAADO0O5yAAAAAQAQAeH0mQFWXvwBUg2aAACWQgACADFNYWNpbnRvc2ggSEQ6VXNlcnM6AG1haToALlRyYXNoOgBpbnRybyA6AE1HMDcucGRmAAAOABIACABNAEcAMAA3AC4AcABkAGYADwAaAAwATQBhAGMAaQBuAHQAbwBzAGgAIABIAEQAEgAgVXNlcnMvbWFpLy5UcmFzaC9pbnRybyAvTUcwNy5wZGYAEwABLwAAFQACAAr//wAAgAbSGxwdHlokY2xhc3NuYW1lWCRjbGFzc2VzXU5TTXV0YWJsZURhdGGjHR8gVk5TRGF0YVhOU09iamVjdNIbHCIjXE5TRGljdGlvbmFyeaIiIF8QD05TS2V5ZWRBcmNoaXZlctEmJ1Ryb290gAEACAARABoAIwAtADIANwBAAEYATQBVAGAAZwBqAGwAbgBxAHMAdQB3AIQAjgCtALIAugIoAioCLwI6AkMCUQJVAlwCZQJqAncCegKMAo8ClAAAAAAAAAIBAAAAAAAAACgAAAAAAAAAAAAAAAAAAAKW}}

@article{EFF+02,
	Author = {D. Enright and R. Fedkiw and J. Ferziger and I. Mitchell},
	Date-Added = {2013-12-17 08:15:33 +0000},
	Date-Modified = {2013-12-17 08:18:49 +0000},
	Journal = {Journal of Computational Physics, 183 (2002)},
	Pages = {83-116},
	Title = {A Hybrid Particle Level Set Method for Improved Interface Capturing},
	Volume = {183},
	Year = {2002},
	Bdsk-File-1 = {YnBsaXN0MDDUAQIDBAUGJCVYJHZlcnNpb25YJG9iamVjdHNZJGFyY2hpdmVyVCR0b3ASAAGGoKgHCBMUFRYaIVUkbnVsbNMJCgsMDxJXTlMua2V5c1pOUy5vYmplY3RzViRjbGFzc6INDoACgAOiEBGABIAFgAdccmVsYXRpdmVQYXRoWWFsaWFzRGF0YV8QHi4uLy4uLy5UcmFzaC9pbnRybyAvRUZGKzAyLnBkZtIXCxgZV05TLmRhdGFPEQFyAAAAAAFyAAIAAAxNYWNpbnRvc2ggSEQAAAAAAAAAAAAAAAAAAADIw0XXSCsAAAHh9JkKRUZGKzAyLnBkZgAAAAAAAAAAAAAAAAAAAAAAAAAAAAAAAAAAAAAAAAAAAAAAAAAAAAAAAAAAAAAAAAAAAAAAAeJYPM7Q/DNQREYgQ0FSTwACAAMAAAkgAAAAAAAAAAAAAAAAAAAABmludHJvIAAQAAgAAMjDKbcAAAARAAgAAM7Q7iMAAAABABAB4fSZAVZe/AFSDZoAAJZCAAIAM01hY2ludG9zaCBIRDpVc2VyczoAbWFpOgAuVHJhc2g6AGludHJvIDoARUZGKzAyLnBkZgAADgAWAAoARQBGAEYAKwAwADIALgBwAGQAZgAPABoADABNAGEAYwBpAG4AdABvAHMAaAAgAEgARAASACJVc2Vycy9tYWkvLlRyYXNoL2ludHJvIC9FRkYrMDIucGRmABMAAS8AABUAAgAK//8AAIAG0hscHR5aJGNsYXNzbmFtZVgkY2xhc3Nlc11OU011dGFibGVEYXRhox0fIFZOU0RhdGFYTlNPYmplY3TSGxwiI1xOU0RpY3Rpb25hcnmiIiBfEA9OU0tleWVkQXJjaGl2ZXLRJidUcm9vdIABAAgAEQAaACMALQAyADcAQABGAE0AVQBgAGcAagBsAG4AcQBzAHUAdwCEAI4ArwC0ALwCMgI0AjkCRAJNAlsCXwJmAm8CdAKBAoQClgKZAp4AAAAAAAACAQAAAAAAAAAoAAAAAAAAAAAAAAAAAAACoA==}}

@book{Pir89,
	Author = {O. Pironneau},
	Date-Added = {2013-12-16 09:00:46 +0000},
	Date-Modified = {2013-12-16 09:05:26 +0000},
	Publisher = {Wiley},
	Title = {The finite element methods for fluids},
	Year = {1989},
	Bdsk-File-1 = {YnBsaXN0MDDUAQIDBAUGJCVYJHZlcnNpb25YJG9iamVjdHNZJGFyY2hpdmVyVCR0b3ASAAGGoKgHCBMUFRYaIVUkbnVsbNMJCgsMDxJXTlMua2V5c1pOUy5vYmplY3RzViRjbGFzc6INDoACgAOiEBGABIAFgAdccmVsYXRpdmVQYXRoWWFsaWFzRGF0YV8QKy4uLy4uLy4uL3JlZmVyZW5jZS9DaGFyYWN0ZXJpc3RpYy9QaXI4OS5wZGbSFwsYGVdOUy5kYXRhTxEBjAAAAAABjAACAAAMTWFjaW50b3NoIEhEAAAAAAAAAAAAAAAAAAAAyMOMJ0grAAABmAmlCVBpcjg5LnBkZgAAAAAAAAAAAAAAAAAAAAAAAAAAAAAAAAAAAAAAAAAAAAAAAAAAAAAAAAAAAAAAAAAAAAAAAAHiZO3O1NUSUERGIENBUk8AAwADAAAJIAAAAAAAAAAAAAAAAAAAAA5DaGFyYWN0ZXJpc3RpYwAQAAgAAMjDKbcAAAARAAgAAM7UcqIAAAABABABmAmlAWYU7gFSDZoAAJZCAAIAPU1hY2ludG9zaCBIRDpVc2VyczoAbWFpOgByZWZlcmVuY2U6AENoYXJhY3RlcmlzdGljOgBQaXI4OS5wZGYAAA4AFAAJAFAAaQByADgAOQAuAHAAZABmAA8AGgAMAE0AYQBjAGkAbgB0AG8AcwBoACAASABEABIALFVzZXJzL21haS9yZWZlcmVuY2UvQ2hhcmFjdGVyaXN0aWMvUGlyODkucGRmABMAAS8AABUAAgAK//8AAIAG0hscHR5aJGNsYXNzbmFtZVgkY2xhc3Nlc11OU011dGFibGVEYXRhox0fIFZOU0RhdGFYTlNPYmplY3TSGxwiI1xOU0RpY3Rpb25hcnmiIiBfEA9OU0tleWVkQXJjaGl2ZXLRJidUcm9vdIABAAgAEQAaACMALQAyADcAQABGAE0AVQBgAGcAagBsAG4AcQBzAHUAdwCEAI4AvADBAMkCWQJbAmACawJ0AoIChgKNApYCmwKoAqsCvQLAAsUAAAAAAAACAQAAAAAAAAAoAAAAAAAAAAAAAAAAAAACxw==}}

@article{Pir10,
	Author = {O. Pironneau},
	Date-Added = {2013-12-16 08:54:53 +0000},
	Date-Modified = {2013-12-16 09:00:41 +0000},
	Journal = {Journal of Scientific Computing},
	Pages = {402-415},
	Title = {Finite Element Characteristic Methods Requiring no Quadrature},
	Volume = {43},
	Year = {2010},
	Bdsk-File-1 = {YnBsaXN0MDDUAQIDBAUGJCVYJHZlcnNpb25YJG9iamVjdHNZJGFyY2hpdmVyVCR0b3ASAAGGoKgHCBMUFRYaIVUkbnVsbNMJCgsMDxJXTlMua2V5c1pOUy5vYmplY3RzViRjbGFzc6INDoACgAOiEBGABIAFgAdccmVsYXRpdmVQYXRoWWFsaWFzRGF0YV8QKy4uLy4uLy4uL3JlZmVyZW5jZS9DaGFyYWN0ZXJpc3RpYy9QaXIxMC5wZGbSFwsYGVdOUy5kYXRhTxEBjAAAAAABjAACAAAMTWFjaW50b3NoIEhEAAAAAAAAAAAAAAAAAAAAyMOMJ0grAAABmAmlCVBpcjEwLnBkZgAAAAAAAAAAAAAAAAAAAAAAAAAAAAAAAAAAAAAAAAAAAAAAAAAAAAAAAAAAAAAAAAAAAAAAAAHiZKDO1NOsUERGIENBUk8AAwADAAAJIAAAAAAAAAAAAAAAAAAAAA5DaGFyYWN0ZXJpc3RpYwAQAAgAAMjDKbcAAAARAAgAAM7UcTwAAAABABABmAmlAWYU7gFSDZoAAJZCAAIAPU1hY2ludG9zaCBIRDpVc2VyczoAbWFpOgByZWZlcmVuY2U6AENoYXJhY3RlcmlzdGljOgBQaXIxMC5wZGYAAA4AFAAJAFAAaQByADEAMAAuAHAAZABmAA8AGgAMAE0AYQBjAGkAbgB0AG8AcwBoACAASABEABIALFVzZXJzL21haS9yZWZlcmVuY2UvQ2hhcmFjdGVyaXN0aWMvUGlyMTAucGRmABMAAS8AABUAAgAK//8AAIAG0hscHR5aJGNsYXNzbmFtZVgkY2xhc3Nlc11OU011dGFibGVEYXRhox0fIFZOU0RhdGFYTlNPYmplY3TSGxwiI1xOU0RpY3Rpb25hcnmiIiBfEA9OU0tleWVkQXJjaGl2ZXLRJidUcm9vdIABAAgAEQAaACMALQAyADcAQABGAE0AVQBgAGcAagBsAG4AcQBzAHUAdwCEAI4AvADBAMkCWQJbAmACawJ0AoIChgKNApYCmwKoAqsCvQLAAsUAAAAAAAACAQAAAAAAAAAoAAAAAAAAAAAAAAAAAAACxw==}}

@article{SFS+98,
	Author = {M. Sussman and E. Fatemi and P. Smereka and S. Osher},
	Date-Added = {2013-12-13 16:27:16 +0000},
	Date-Modified = {2014-04-15 15:45:00 +0000},
	Journal = {Computers and Fluids},
	Pages = {663-680},
	Title = {An improved level set method for incompressible two-fluid flows},
	Volume = {27},
	Year = {1998},
	Bdsk-File-1 = {YnBsaXN0MDDUAQIDBAUGJCVYJHZlcnNpb25YJG9iamVjdHNZJGFyY2hpdmVyVCR0b3ASAAGGoKgHCBMUFRYaIVUkbnVsbNMJCgsMDxJXTlMua2V5c1pOUy5vYmplY3RzViRjbGFzc6INDoACgAOiEBGABIAFgAdccmVsYXRpdmVQYXRoWWFsaWFzRGF0YV8QHi4uLy4uLy5UcmFzaC9pbnRybyAvU0ZTKzk4LnBkZtIXCxgZV05TLmRhdGFPEQFyAAAAAAFyAAIAAAxNYWNpbnRvc2ggSEQAAAAAAAAAAAAAAAAAAADIw0XXSCsAAAHh9JkKU0ZTKzk4LnBkZgAAAAAAAAAAAAAAAAAAAAAAAAAAAAAAAAAAAAAAAAAAAAAAAAAAAAAAAAAAAAAAAAAAAAAAAeJWec7Q85tQREYgQ0FSTwACAAMAAAkgAAAAAAAAAAAAAAAAAAAABmludHJvIAAQAAgAAMjDKbcAAAARAAgAAM7Q5YsAAAABABAB4fSZAVZe/AFSDZoAAJZCAAIAM01hY2ludG9zaCBIRDpVc2VyczoAbWFpOgAuVHJhc2g6AGludHJvIDoAU0ZTKzk4LnBkZgAADgAWAAoAUwBGAFMAKwA5ADgALgBwAGQAZgAPABoADABNAGEAYwBpAG4AdABvAHMAaAAgAEgARAASACJVc2Vycy9tYWkvLlRyYXNoL2ludHJvIC9TRlMrOTgucGRmABMAAS8AABUAAgAK//8AAIAG0hscHR5aJGNsYXNzbmFtZVgkY2xhc3Nlc11OU011dGFibGVEYXRhox0fIFZOU0RhdGFYTlNPYmplY3TSGxwiI1xOU0RpY3Rpb25hcnmiIiBfEA9OU0tleWVkQXJjaGl2ZXLRJidUcm9vdIABAAgAEQAaACMALQAyADcAQABGAE0AVQBgAGcAagBsAG4AcQBzAHUAdwCEAI4ArwC0ALwCMgI0AjkCRAJNAlsCXwJmAm8CdAKBAoQClgKZAp4AAAAAAAACAQAAAAAAAAAoAAAAAAAAAAAAAAAAAAACoA==}}

@article{MRC06,
	Author = {E. Marchandise and J.F. Remacle and N. Chevaugeon},
	Date-Added = {2013-12-13 16:01:38 +0000},
	Date-Modified = {2014-05-20 09:35:39 +0000},
	Journal = {Journal of Computational Physics},
	Number = {338-357},
	Title = {A quadrature-free discontinuous \text{Galerkin} method for the level set equation},
	Volume = {212},
	Year = {2006},
	Bdsk-File-1 = {YnBsaXN0MDDUAQIDBAUGJCVYJHZlcnNpb25YJG9iamVjdHNZJGFyY2hpdmVyVCR0b3ASAAGGoKgHCBMUFRYaIVUkbnVsbNMJCgsMDxJXTlMua2V5c1pOUy5vYmplY3RzViRjbGFzc6INDoACgAOiEBGABIAFgAdccmVsYXRpdmVQYXRoWWFsaWFzRGF0YV8QHS4uLy4uLy5UcmFzaC9pbnRybyAvTVJDMDYucGRm0hcLGBlXTlMuZGF0YU8RAW4AAAAAAW4AAgAADE1hY2ludG9zaCBIRAAAAAAAAAAAAAAAAAAAAMjDRddIKwAAAeH0mQlNUkMwNi5wZGYAAAAAAAAAAAAAAAAAAAAAAAAAAAAAAAAAAAAAAAAAAAAAAAAAAAAAAAAAAAAAAAAAAAAAAAAB4lXmztDtVlBERiBDQVJPAAIAAwAACSAAAAAAAAAAAAAAAAAAAAAGaW50cm8gABAACAAAyMMptwAAABEACAAAztDfRgAAAAEAEAHh9JkBVl78AVINmgAAlkIAAgAyTWFjaW50b3NoIEhEOlVzZXJzOgBtYWk6AC5UcmFzaDoAaW50cm8gOgBNUkMwNi5wZGYADgAUAAkATQBSAEMAMAA2AC4AcABkAGYADwAaAAwATQBhAGMAaQBuAHQAbwBzAGgAIABIAEQAEgAhVXNlcnMvbWFpLy5UcmFzaC9pbnRybyAvTVJDMDYucGRmAAATAAEvAAAVAAIACv//AACABtIbHB0eWiRjbGFzc25hbWVYJGNsYXNzZXNdTlNNdXRhYmxlRGF0YaMdHyBWTlNEYXRhWE5TT2JqZWN00hscIiNcTlNEaWN0aW9uYXJ5oiIgXxAPTlNLZXllZEFyY2hpdmVy0SYnVHJvb3SAAQAIABEAGgAjAC0AMgA3AEAARgBNAFUAYABnAGoAbABuAHEAcwB1AHcAhACOAK4AswC7Ai0CLwI0Aj8CSAJWAloCYQJqAm8CfAJ/ApEClAKZAAAAAAAAAgEAAAAAAAAAKAAAAAAAAAAAAAAAAAAAAps=}}

@article{GTB+05,
	Author = {D. Gerlach and G. Tomar and G. Biswas and F. Durst},
	Date-Added = {2013-12-13 11:08:49 +0000},
	Date-Modified = {2013-12-17 09:43:25 +0000},
	Journal = {International Journal of Heat anh Mass Transfer},
	Pages = {740-754},
	Title = {Comparison of volume-of-fluid methods for surface tension-dominant two-phase flows},
	Volume = {49},
	Year = {2006},
	Bdsk-File-1 = {YnBsaXN0MDDUAQIDBAUGJCVYJHZlcnNpb25YJG9iamVjdHNZJGFyY2hpdmVyVCR0b3ASAAGGoKgHCBMUFRYaIVUkbnVsbNMJCgsMDxJXTlMua2V5c1pOUy5vYmplY3RzViRjbGFzc6INDoACgAOiEBGABIAFgAdccmVsYXRpdmVQYXRoWWFsaWFzRGF0YV8QLS4uLy4uLy5UcmFzaC9pbnRybyAvR1RCKzA1X1ZPRi1sZXZlbHNldDA1LnBkZtIXCxgZV05TLmRhdGFPEQGuAAAAAAGuAAIAAAxNYWNpbnRvc2ggSEQAAAAAAAAAAAAAAAAAAADIw0XXSCsAAAHh9JkZR1RCKzA1X1ZPRi1sZXZlbHNldDA1LnBkZgAAAAAAAAAAAAAAAAAAAAAAAAAAAAAAAAAAAAAAAAAAAAAAAAAAAeJPh87QpSpQREYgQ0FSTwACAAMAAAkgAAAAAAAAAAAAAAAAAAAABmludHJvIAAQAAgAAMjDKbcAAAARAAgAAM7QlxoAAAABABAB4fSZAVZe/AFSDZoAAJZCAAIAQk1hY2ludG9zaCBIRDpVc2VyczoAbWFpOgAuVHJhc2g6AGludHJvIDoAR1RCKzA1X1ZPRi1sZXZlbHNldDA1LnBkZgAOADQAGQBHAFQAQgArADAANQBfAFYATwBGAC0AbABlAHYAZQBsAHMAZQB0ADAANQAuAHAAZABmAA8AGgAMAE0AYQBjAGkAbgB0AG8AcwBoACAASABEABIAMVVzZXJzL21haS8uVHJhc2gvaW50cm8gL0dUQiswNV9WT0YtbGV2ZWxzZXQwNS5wZGYAABMAAS8AABUAAgAK//8AAIAG0hscHR5aJGNsYXNzbmFtZVgkY2xhc3Nlc11OU011dGFibGVEYXRhox0fIFZOU0RhdGFYTlNPYmplY3TSGxwiI1xOU0RpY3Rpb25hcnmiIiBfEA9OU0tleWVkQXJjaGl2ZXLRJidUcm9vdIABAAgAEQAaACMALQAyADcAQABGAE0AVQBgAGcAagBsAG4AcQBzAHUAdwCEAI4AvgDDAMsCfQJ/AoQCjwKYAqYCqgKxAroCvwLMAs8C4QLkAukAAAAAAAACAQAAAAAAAAAoAAAAAAAAAAAAAAAAAAAC6w==}}

@article{ADB10,
	Author = {R.F. Ausas and E.A. Dari and G.C. Buscaglia},
	Date-Added = {2013-12-13 11:08:09 +0000},
	Date-Modified = {2014-05-20 09:23:09 +0000},
	Journal = {International Journal for Numerical Methods in Fluids},
	Title = {A geometric mass-preserving redistancing scheme for the level set function},
	Year = {2010},
	Bdsk-File-1 = {YnBsaXN0MDDUAQIDBAUGJCVYJHZlcnNpb25YJG9iamVjdHNZJGFyY2hpdmVyVCR0b3ASAAGGoKgHCBMUFRYaIVUkbnVsbNMJCgsMDxJXTlMua2V5c1pOUy5vYmplY3RzViRjbGFzc6INDoACgAOiEBGABIAFgAdccmVsYXRpdmVQYXRoWWFsaWFzRGF0YV8QOy4uLy4uLy4uL3JlZmVyZW5jZS9MZXZlbFNldC9NYXNzLXByZXNlcnZpbmdSZWRpc3RhbmNpbmcucGRm0hcLGBlXTlMuZGF0YU8RAdIAAAAAAdIAAgAADE1hY2ludG9zaCBIRAAAAAAAAAAAAAAAAAAAAMjDjCdIKwAAAZ/iYx9NYXNzLXByZXNlcnZpbmdSZWRpc3RhbmNpbmcucGRmAAAAAAAAAAAAAAAAAAAAAAAAAAAAAAAAAAAAAAAAAAAB36SYzsKqe1BERiBDQVJPAAMAAwAACSAAAAAAAAAAAAAAAAAAAAAITGV2ZWxTZXQAEAAIAADIwym3AAAAEQAIAADOwkgLAAAAAQAQAZ/iYwFmFO4BUg2aAACWQgACAE1NYWNpbnRvc2ggSEQ6VXNlcnM6AG1haToAcmVmZXJlbmNlOgBMZXZlbFNldDoATWFzcy1wcmVzZXJ2aW5nUmVkaXN0YW5jaW5nLnBkZgAADgBAAB8ATQBhAHMAcwAtAHAAcgBlAHMAZQByAHYAaQBuAGcAUgBlAGQAaQBzAHQAYQBuAGMAaQBuAGcALgBwAGQAZgAPABoADABNAGEAYwBpAG4AdABvAHMAaAAgAEgARAASADxVc2Vycy9tYWkvcmVmZXJlbmNlL0xldmVsU2V0L01hc3MtcHJlc2VydmluZ1JlZGlzdGFuY2luZy5wZGYAEwABLwAAFQACAAr//wAAgAbSGxwdHlokY2xhc3NuYW1lWCRjbGFzc2VzXU5TTXV0YWJsZURhdGGjHR8gVk5TRGF0YVhOU09iamVjdNIbHCIjXE5TRGljdGlvbmFyeaIiIF8QD05TS2V5ZWRBcmNoaXZlctEmJ1Ryb290gAEACAARABoAIwAtADIANwBAAEYATQBVAGAAZwBqAGwAbgBxAHMAdQB3AIQAjgDMANEA2QKvArECtgLBAsoC2ALcAuMC7ALxAv4DAQMTAxYDGwAAAAAAAAIBAAAAAAAAACgAAAAAAAAAAAAAAAAAAAMd}}

@article{ELF+05,
	Author = {D. Enright and F. Losasso and R. Fedkiw},
	Date-Added = {2013-12-13 11:08:09 +0000},
	Date-Modified = {2014-05-20 11:47:10 +0000},
	Journal = {Computers and Structures},
	Pages = {479--490},
	Title = {A fast and accurate \text{semi-Lagrangian} particle level set method},
	Volume = {83},
	Year = {2005},
	Bdsk-File-1 = {YnBsaXN0MDDUAQIDBAUGJCVYJHZlcnNpb25YJG9iamVjdHNZJGFyY2hpdmVyVCR0b3ASAAGGoKgHCBMUFRYaIVUkbnVsbNMJCgsMDxJXTlMua2V5c1pOUy5vYmplY3RzViRjbGFzc6INDoACgAOiEBGABIAFgAdccmVsYXRpdmVQYXRoWWFsaWFzRGF0YV8QHi4uLy4uLy5UcmFzaC9pbnRybyAvRUxGKzA1LnBkZtIXCxgZV05TLmRhdGFPEQFyAAAAAAFyAAIAAAxNYWNpbnRvc2ggSEQAAAAAAAAAAAAAAAAAAADIw0XXSCsAAAHh9JkKRUxGKzA1LnBkZgAAAAAAAAAAAAAAAAAAAAAAAAAAAAAAAAAAAAAAAAAAAAAAAAAAAAAAAAAAAAAAAAAAAAAAAeJXK87Q9jBQREYgQ0FSTwACAAMAAAkgAAAAAAAAAAAAAAAAAAAABmludHJvIAAQAAgAAMjDKbcAAAARAAgAAM7Q6CAAAAABABAB4fSZAVZe/AFSDZoAAJZCAAIAM01hY2ludG9zaCBIRDpVc2VyczoAbWFpOgAuVHJhc2g6AGludHJvIDoARUxGKzA1LnBkZgAADgAWAAoARQBMAEYAKwAwADUALgBwAGQAZgAPABoADABNAGEAYwBpAG4AdABvAHMAaAAgAEgARAASACJVc2Vycy9tYWkvLlRyYXNoL2ludHJvIC9FTEYrMDUucGRmABMAAS8AABUAAgAK//8AAIAG0hscHR5aJGNsYXNzbmFtZVgkY2xhc3Nlc11OU011dGFibGVEYXRhox0fIFZOU0RhdGFYTlNPYmplY3TSGxwiI1xOU0RpY3Rpb25hcnmiIiBfEA9OU0tleWVkQXJjaGl2ZXLRJidUcm9vdIABAAgAEQAaACMALQAyADcAQABGAE0AVQBgAGcAagBsAG4AcQBzAHUAdwCEAI4ArwC0ALwCMgI0AjkCRAJNAlsCXwJmAm8CdAKBAoQClgKZAp4AAAAAAAACAQAAAAAAAAAoAAAAAAAAAAAAAAAAAAACoA==}}

@article{HAC97,
	Author = {C.W. Hirt and A.A. Amsden and J.L. Cook},
	Date-Added = {2013-12-13 10:24:43 +0000},
	Date-Modified = {2014-05-20 11:52:17 +0000},
	Journal = {Journal of Computational Physics},
	Pages = {203-216},
	Title = {An Arbitrary \text{Lagrangian-Eulerian} Computing Method for All Flow Speeds},
	Volume = {135},
	Year = {1997},
	Bdsk-File-1 = {YnBsaXN0MDDUAQIDBAUGJCVYJHZlcnNpb25YJG9iamVjdHNZJGFyY2hpdmVyVCR0b3ASAAGGoKgHCBMUFRYaIVUkbnVsbNMJCgsMDxJXTlMua2V5c1pOUy5vYmplY3RzViRjbGFzc6INDoACgAOiEBGABIAFgAdccmVsYXRpdmVQYXRoWWFsaWFzRGF0YV8QJi4uLy4uLy5UcmFzaC9pbnRybyAvSEFDOTdfdHJhY2tpbmcucGRm0hcLGBlXTlMuZGF0YU8RAZIAAAAAAZIAAgAADE1hY2ludG9zaCBIRAAAAAAAAAAAAAAAAAAAAMjDRddIKwAAAeH0mRJIQUM5N190cmFja2luZy5wZGYAAAAAAAAAAAAAAAAAAAAAAAAAAAAAAAAAAAAAAAAAAAAAAAAAAAAAAAAAAAAB4hwRzsys9VBERiBDQVJPAAIAAwAACSAAAAAAAAAAAAAAAAAAAAAGaW50cm8gABAACAAAyMMptwAAABEACAAAzsye5QAAAAEAEAHh9JkBVl78AVINmgAAlkIAAgA7TWFjaW50b3NoIEhEOlVzZXJzOgBtYWk6AC5UcmFzaDoAaW50cm8gOgBIQUM5N190cmFja2luZy5wZGYAAA4AJgASAEgAQQBDADkANwBfAHQAcgBhAGMAawBpAG4AZwAuAHAAZABmAA8AGgAMAE0AYQBjAGkAbgB0AG8AcwBoACAASABEABIAKlVzZXJzL21haS8uVHJhc2gvaW50cm8gL0hBQzk3X3RyYWNraW5nLnBkZgATAAEvAAAVAAIACv//AACABtIbHB0eWiRjbGFzc25hbWVYJGNsYXNzZXNdTlNNdXRhYmxlRGF0YaMdHyBWTlNEYXRhWE5TT2JqZWN00hscIiNcTlNEaWN0aW9uYXJ5oiIgXxAPTlNLZXllZEFyY2hpdmVy0SYnVHJvb3SAAQAIABEAGgAjAC0AMgA3AEAARgBNAFUAYABnAGoAbABuAHEAcwB1AHcAhACOALcAvADEAloCXAJhAmwCdQKDAocCjgKXApwCqQKsAr4CwQLGAAAAAAAAAgEAAAAAAAAAKAAAAAAAAAAAAAAAAAAAAsg=}}

@article{HN81,
	Author = {C.W. Hirt and B.D. Nichols},
	Date-Added = {2013-12-13 10:14:42 +0000},
	Date-Modified = {2014-05-20 09:29:47 +0000},
	Journal = {Journal of Computational Physics},
	Pages = {201-225},
	Title = {Volume of Fluid (\text{VOF}) Method for the Dynamics of Free Boundaries},
	Volume = {39},
	Year = {1981},
	Bdsk-File-1 = {YnBsaXN0MDDUAQIDBAUGJCVYJHZlcnNpb25YJG9iamVjdHNZJGFyY2hpdmVyVCR0b3ASAAGGoKgHCBMUFRYaIVUkbnVsbNMJCgsMDxJXTlMua2V5c1pOUy5vYmplY3RzViRjbGFzc6INDoACgAOiEBGABIAFgAdccmVsYXRpdmVQYXRoWWFsaWFzRGF0YV8QKS4uLy4uLy5UcmFzaC9pbnRybyAvSGlydE5pY2hvbHM4MV9WT0YucGRm0hcLGBlXTlMuZGF0YU8RAZ4AAAAAAZ4AAgAADE1hY2ludG9zaCBIRAAAAAAAAAAAAAAAAAAAAMjDRddIKwAAAeH0mRVIaXJ0TmljaG9sczgxX1ZPRi5wZGYAAAAAAAAAAAAAAAAAAAAAAAAAAAAAAAAAAAAAAAAAAAAAAAAAAAAAAAAB4feKzsip7VBERiBDQVJPAAIAAwAACSAAAAAAAAAAAAAAAAAAAAAGaW50cm8gABAACAAAyMMptwAAABEACAAAzsib3QAAAAEAEAHh9JkBVl78AVINmgAAlkIAAgA+TWFjaW50b3NoIEhEOlVzZXJzOgBtYWk6AC5UcmFzaDoAaW50cm8gOgBIaXJ0TmljaG9sczgxX1ZPRi5wZGYADgAsABUASABpAHIAdABOAGkAYwBoAG8AbABzADgAMQBfAFYATwBGAC4AcABkAGYADwAaAAwATQBhAGMAaQBuAHQAbwBzAGgAIABIAEQAEgAtVXNlcnMvbWFpLy5UcmFzaC9pbnRybyAvSGlydE5pY2hvbHM4MV9WT0YucGRmAAATAAEvAAAVAAIACv//AACABtIbHB0eWiRjbGFzc25hbWVYJGNsYXNzZXNdTlNNdXRhYmxlRGF0YaMdHyBWTlNEYXRhWE5TT2JqZWN00hscIiNcTlNEaWN0aW9uYXJ5oiIgXxAPTlNLZXllZEFyY2hpdmVy0SYnVHJvb3SAAQAIABEAGgAjAC0AMgA3AEAARgBNAFUAYABnAGoAbABuAHEAcwB1AHcAhACOALoAvwDHAmkCawJwAnsChAKSApYCnQKmAqsCuAK7As0C0ALVAAAAAAAAAgEAAAAAAAAAKAAAAAAAAAAAAAAAAAAAAtc=}}

@article{SZ99,
	Author = {R. Scardovelli and S. Zaleski},
	Date-Added = {2013-12-13 09:52:56 +0000},
	Date-Modified = {2014-05-20 11:59:44 +0000},
	Journal = {Ann. Rev. Fluid Mech.},
	Pages = {567-603},
	Title = {Direct numerical simulation of free-surface and interfacial flow},
	Volume = {31},
	Year = {1999},
	Bdsk-File-1 = {YnBsaXN0MDDUAQIDBAUGJCVYJHZlcnNpb25YJG9iamVjdHNZJGFyY2hpdmVyVCR0b3ASAAGGoKgHCBMUFRYaIVUkbnVsbNMJCgsMDxJXTlMua2V5c1pOUy5vYmplY3RzViRjbGFzc6INDoACgAOiEBGABIAFgAdccmVsYXRpdmVQYXRoWWFsaWFzRGF0YV8QJy4uLy4uLy5UcmFzaC9pbnRybyAvU2NhcmRvWmFsZXNraTk5LnBkZtIXCxgZV05TLmRhdGFPEQGWAAAAAAGWAAIAAAxNYWNpbnRvc2ggSEQAAAAAAAAAAAAAAAAAAADIw0XXSCsAAAHh9JkTU2NhcmRvWmFsZXNraTk5LnBkZgAAAAAAAAAAAAAAAAAAAAAAAAAAAAAAAAAAAAAAAAAAAAAAAAAAAAAAAAAAAeJNFs7QlhZQREYgQ0FSTwACAAMAAAkgAAAAAAAAAAAAAAAAAAAABmludHJvIAAQAAgAAMjDKbcAAAARAAgAAM7QiAYAAAABABAB4fSZAVZe/AFSDZoAAJZCAAIAPE1hY2ludG9zaCBIRDpVc2VyczoAbWFpOgAuVHJhc2g6AGludHJvIDoAU2NhcmRvWmFsZXNraTk5LnBkZgAOACgAEwBTAGMAYQByAGQAbwBaAGEAbABlAHMAawBpADkAOQAuAHAAZABmAA8AGgAMAE0AYQBjAGkAbgB0AG8AcwBoACAASABEABIAK1VzZXJzL21haS8uVHJhc2gvaW50cm8gL1NjYXJkb1phbGVza2k5OS5wZGYAABMAAS8AABUAAgAK//8AAIAG0hscHR5aJGNsYXNzbmFtZVgkY2xhc3Nlc11OU011dGFibGVEYXRhox0fIFZOU0RhdGFYTlNPYmplY3TSGxwiI1xOU0RpY3Rpb25hcnmiIiBfEA9OU0tleWVkQXJjaGl2ZXLRJidUcm9vdIABAAgAEQAaACMALQAyADcAQABGAE0AVQBgAGcAagBsAG4AcQBzAHUAdwCEAI4AuAC9AMUCXwJhAmYCcQJ6AogCjAKTApwCoQKuArECwwLGAssAAAAAAAACAQAAAAAAAAAoAAAAAAAAAAAAAAAAAAACzQ==}}

@article{UT92,
	Author = {S.O. Unverdi and G. Tryggvason},
	Date-Added = {2013-12-11 16:01:23 +0000},
	Date-Modified = {2013-12-11 16:10:57 +0000},
	Journal = {Journal of Computational Physics},
	Pages = {25-37},
	Title = {A front-tracking method for viscous incompressible multi-fluid flows},
	Volume = {100},
	Year = {1992},
	Bdsk-File-1 = {YnBsaXN0MDDUAQIDBAUGJCVYJHZlcnNpb25YJG9iamVjdHNZJGFyY2hpdmVyVCR0b3ASAAGGoKgHCBMUFRYaIVUkbnVsbNMJCgsMDxJXTlMua2V5c1pOUy5vYmplY3RzViRjbGFzc6INDoACgAOiEBGABIAFgAdccmVsYXRpdmVQYXRoWWFsaWFzRGF0YV8QJS4uLy4uLy5UcmFzaC9pbnRybyAvVVQ5Ml90cmFja2luZy5wZGbSFwsYGVdOUy5kYXRhTxEBjgAAAAABjgACAAAMTWFjaW50b3NoIEhEAAAAAAAAAAAAAAAAAAAAyMNF10grAAAB4fSZEVVUOTJfdHJhY2tpbmcucGRmAAAAAAAAAAAAAAAAAAAAAAAAAAAAAAAAAAAAAAAAAAAAAAAAAAAAAAAAAAAAAAHiMIbOzkqBUERGIENBUk8AAgADAAAJIAAAAAAAAAAAAAAAAAAAAAZpbnRybyAAEAAIAADIwym3AAAAEQAIAADOzjxxAAAAAQAQAeH0mQFWXvwBUg2aAACWQgACADpNYWNpbnRvc2ggSEQ6VXNlcnM6AG1haToALlRyYXNoOgBpbnRybyA6AFVUOTJfdHJhY2tpbmcucGRmAA4AJAARAFUAVAA5ADIAXwB0AHIAYQBjAGsAaQBuAGcALgBwAGQAZgAPABoADABNAGEAYwBpAG4AdABvAHMAaAAgAEgARAASAClVc2Vycy9tYWkvLlRyYXNoL2ludHJvIC9VVDkyX3RyYWNraW5nLnBkZgAAEwABLwAAFQACAAr//wAAgAbSGxwdHlokY2xhc3NuYW1lWCRjbGFzc2VzXU5TTXV0YWJsZURhdGGjHR8gVk5TRGF0YVhOU09iamVjdNIbHCIjXE5TRGljdGlvbmFyeaIiIF8QD05TS2V5ZWRBcmNoaXZlctEmJ1Ryb290gAEACAARABoAIwAtADIANwBAAEYATQBVAGAAZwBqAGwAbgBxAHMAdQB3AIQAjgC2ALsAwwJVAlcCXAJnAnACfgKCAokCkgKXAqQCpwK5ArwCwQAAAAAAAAIBAAAAAAAAACgAAAAAAAAAAAAAAAAAAALD}}

@article{ET99,
	Author = {A. Esmaeeli and G. Tryggvason},
	Date-Added = {2013-12-11 15:52:07 +0000},
	Date-Modified = {2014-05-20 11:48:42 +0000},
	Journal = {Journal of Fluid Mechanics},
	Pages = {325-358},
	Title = {Direct numerical simulations of bubbly flows. \text{Part 2. Moderate Reynolds} number arrays},
	Volume = {385},
	Year = {1999},
	Bdsk-File-1 = {YnBsaXN0MDDUAQIDBAUGJCVYJHZlcnNpb25YJG9iamVjdHNZJGFyY2hpdmVyVCR0b3ASAAGGoKgHCBMUFRYaIVUkbnVsbNMJCgsMDxJXTlMua2V5c1pOUy5vYmplY3RzViRjbGFzc6INDoACgAOiEBGABIAFgAdccmVsYXRpdmVQYXRoWWFsaWFzRGF0YV8QJS4uLy4uLy5UcmFzaC9pbnRybyAvRVQ5OV90cmFja2luZy5wZGbSFwsYGVdOUy5kYXRhTxEBjgAAAAABjgACAAAMTWFjaW50b3NoIEhEAAAAAAAAAAAAAAAAAAAAyMNF10grAAAB4fSZEUVUOTlfdHJhY2tpbmcucGRmAAAAAAAAAAAAAAAAAAAAAAAAAAAAAAAAAAAAAAAAAAAAAAAAAAAAAAAAAAAAAAHiMFjOzkmAUERGIENBUk8AAgADAAAJIAAAAAAAAAAAAAAAAAAAAAZpbnRybyAAEAAIAADIwym3AAAAEQAIAADOzjtwAAAAAQAQAeH0mQFWXvwBUg2aAACWQgACADpNYWNpbnRvc2ggSEQ6VXNlcnM6AG1haToALlRyYXNoOgBpbnRybyA6AEVUOTlfdHJhY2tpbmcucGRmAA4AJAARAEUAVAA5ADkAXwB0AHIAYQBjAGsAaQBuAGcALgBwAGQAZgAPABoADABNAGEAYwBpAG4AdABvAHMAaAAgAEgARAASAClVc2Vycy9tYWkvLlRyYXNoL2ludHJvIC9FVDk5X3RyYWNraW5nLnBkZgAAEwABLwAAFQACAAr//wAAgAbSGxwdHlokY2xhc3NuYW1lWCRjbGFzc2VzXU5TTXV0YWJsZURhdGGjHR8gVk5TRGF0YVhOU09iamVjdNIbHCIjXE5TRGljdGlvbmFyeaIiIF8QD05TS2V5ZWRBcmNoaXZlctEmJ1Ryb290gAEACAARABoAIwAtADIANwBAAEYATQBVAGAAZwBqAGwAbgBxAHMAdQB3AIQAjgC2ALsAwwJVAlcCXAJnAnACfgKCAokCkgKXAqQCpwK5ArwCwQAAAAAAAAIBAAAAAAAAACgAAAAAAAAAAAAAAAAAAALD}}

@article{ET98,
	Author = {A. Esmaeeli and G. Tryggvason},
	Date-Added = {2013-12-11 15:47:32 +0000},
	Date-Modified = {2014-05-20 11:49:03 +0000},
	Journal = {Journal of Fluid Mechanics},
	Pages = {313-345},
	Title = {Direct numerical simulations of bubbly flows. \text{Part 1. Low Reynolds} number arrays},
	Volume = {377},
	Year = {1998},
	Bdsk-File-1 = {YnBsaXN0MDDUAQIDBAUGJCVYJHZlcnNpb25YJG9iamVjdHNZJGFyY2hpdmVyVCR0b3ASAAGGoKgHCBMUFRYaIVUkbnVsbNMJCgsMDxJXTlMua2V5c1pOUy5vYmplY3RzViRjbGFzc6INDoACgAOiEBGABIAFgAdccmVsYXRpdmVQYXRoWWFsaWFzRGF0YV8QJS4uLy4uLy5UcmFzaC9pbnRybyAvRVQ5OF90cmFja2luZy5wZGbSFwsYGVdOUy5kYXRhTxEBjgAAAAABjgACAAAMTWFjaW50b3NoIEhEAAAAAAAAAAAAAAAAAAAAyMNF10grAAAB4fSZEUVUOThfdHJhY2tpbmcucGRmAAAAAAAAAAAAAAAAAAAAAAAAAAAAAAAAAAAAAAAAAAAAAAAAAAAAAAAAAAAAAAHiMB/OzkdzUERGIENBUk8AAgADAAAJIAAAAAAAAAAAAAAAAAAAAAZpbnRybyAAEAAIAADIwym3AAAAEQAIAADOzjljAAAAAQAQAeH0mQFWXvwBUg2aAACWQgACADpNYWNpbnRvc2ggSEQ6VXNlcnM6AG1haToALlRyYXNoOgBpbnRybyA6AEVUOThfdHJhY2tpbmcucGRmAA4AJAARAEUAVAA5ADgAXwB0AHIAYQBjAGsAaQBuAGcALgBwAGQAZgAPABoADABNAGEAYwBpAG4AdABvAHMAaAAgAEgARAASAClVc2Vycy9tYWkvLlRyYXNoL2ludHJvIC9FVDk4X3RyYWNraW5nLnBkZgAAEwABLwAAFQACAAr//wAAgAbSGxwdHlokY2xhc3NuYW1lWCRjbGFzc2VzXU5TTXV0YWJsZURhdGGjHR8gVk5TRGF0YVhOU09iamVjdNIbHCIjXE5TRGljdGlvbmFyeaIiIF8QD05TS2V5ZWRBcmNoaXZlctEmJ1Ryb290gAEACAARABoAIwAtADIANwBAAEYATQBVAGAAZwBqAGwAbgBxAHMAdQB3AIQAjgC2ALsAwwJVAlcCXAJnAnACfgKCAokCkgKXAqQCpwK5ArwCwQAAAAAAAAIBAAAAAAAAACgAAAAAAAAAAAAAAAAAAALD}}

@article{SMN+04,
	Author = {F.S. de Sousa and N. Mangiavacchi and L.G. Nonato and A. Castelo and M.F. Tome and V.G. Ferreira and J.A. Cuminato and S. McKee},
	Date-Added = {2013-12-11 15:09:56 +0000},
	Date-Modified = {2014-09-23 22:36:36 +0000},
	Journal = {Journal of Computational Physics},
	Pages = {469-499},
	Title = {A front-tracking/front-capturing method for the simulation of \text{3D} multi-fluid flows with free surfaces},
	Volume = {198},
	Year = {2004},
	Bdsk-File-1 = {YnBsaXN0MDDUAQIDBAUGJCVYJHZlcnNpb25YJG9iamVjdHNZJGFyY2hpdmVyVCR0b3ASAAGGoKgHCBMUFRYaIVUkbnVsbNMJCgsMDxJXTlMua2V5c1pOUy5vYmplY3RzViRjbGFzc6INDoACgAOiEBGABIAFgAdccmVsYXRpdmVQYXRoWWFsaWFzRGF0YV8QKC4uLy4uLy5UcmFzaC9pbnRybyAvU01OMDQrX0dFTk1BQzNEKy5wZGbSFwsYGVdOUy5kYXRhTxEBmgAAAAABmgACAAAMTWFjaW50b3NoIEhEAAAAAAAAAAAAAAAAAAAAyMNF10grAAAB4fSZFFNNTjA0K19HRU5NQUMzRCsucGRmAAAAAAAAAAAAAAAAAAAAAAAAAAAAAAAAAAAAAAAAAAAAAAAAAAAAAAAAAAHiH+bOzNzXUERGIENBUk8AAgADAAAJIAAAAAAAAAAAAAAAAAAAAAZpbnRybyAAEAAIAADIwym3AAAAEQAIAADOzM7HAAAAAQAQAeH0mQFWXvwBUg2aAACWQgACAD1NYWNpbnRvc2ggSEQ6VXNlcnM6AG1haToALlRyYXNoOgBpbnRybyA6AFNNTjA0K19HRU5NQUMzRCsucGRmAAAOACoAFABTAE0ATgAwADQAKwBfAEcARQBOAE0AQQBDADMARAArAC4AcABkAGYADwAaAAwATQBhAGMAaQBuAHQAbwBzAGgAIABIAEQAEgAsVXNlcnMvbWFpLy5UcmFzaC9pbnRybyAvU01OMDQrX0dFTk1BQzNEKy5wZGYAEwABLwAAFQACAAr//wAAgAbSGxwdHlokY2xhc3NuYW1lWCRjbGFzc2VzXU5TTXV0YWJsZURhdGGjHR8gVk5TRGF0YVhOU09iamVjdNIbHCIjXE5TRGljdGlvbmFyeaIiIF8QD05TS2V5ZWRBcmNoaXZlctEmJ1Ryb290gAEACAARABoAIwAtADIANwBAAEYATQBVAGAAZwBqAGwAbgBxAHMAdQB3AIQAjgC5AL4AxgJkAmYCawJ2An8CjQKRApgCoQKmArMCtgLIAssC0AAAAAAAAAIBAAAAAAAAACgAAAAAAAAAAAAAAAAAAALS}}

@article{TBE+01,
	Author = {G. Tryggvason and B. Bunner and A. Esmaeeli and D. Juric and N. Al-Rawahi and W. Tauber and J. Han and S. Nas and Y. J. Jan},
	Date-Added = {2013-12-11 14:59:35 +0000},
	Date-Modified = {2014-05-07 11:57:49 +0000},
	Journal = {Journal of Computational Physics},
	Pages = {708-759},
	Title = {A front-tracking method for the computations of multiphase flow},
	Volume = {169},
	Year = {2001},
	Bdsk-File-1 = {YnBsaXN0MDDUAQIDBAUGJCVYJHZlcnNpb25YJG9iamVjdHNZJGFyY2hpdmVyVCR0b3ASAAGGoKgHCBMUFRYaIVUkbnVsbNMJCgsMDxJXTlMua2V5c1pOUy5vYmplY3RzViRjbGFzc6INDoACgAOiEBGABIAFgAdccmVsYXRpdmVQYXRoWWFsaWFzRGF0YV8QHi4uLy4uLy5UcmFzaC9pbnRybyAvVEJFKzAxLnBkZtIXCxgZV05TLmRhdGFPEQFyAAAAAAFyAAIAAAxNYWNpbnRvc2ggSEQAAAAAAAAAAAAAAAAAAADIw0XXSCsAAAHh9JkKVEJFKzAxLnBkZgAAAAAAAAAAAAAAAAAAAAAAAAAAAAAAAAAAAAAAAAAAAAAAAAAAAAAAAAAAAAAAAAAAAAAAAeIaFc7LZsMAAAAAAAAAAAACAAMAAAkgAAAAAAAAAAAAAAAAAAAABmludHJvIAAQAAgAAMjDKbcAAAARAAgAAM7LWLMAAAABABAB4fSZAVZe/AFSDZoAAJZCAAIAM01hY2ludG9zaCBIRDpVc2VyczoAbWFpOgAuVHJhc2g6AGludHJvIDoAVEJFKzAxLnBkZgAADgAWAAoAVABCAEUAKwAwADEALgBwAGQAZgAPABoADABNAGEAYwBpAG4AdABvAHMAaAAgAEgARAASACJVc2Vycy9tYWkvLlRyYXNoL2ludHJvIC9UQkUrMDEucGRmABMAAS8AABUAAgAK//8AAIAG0hscHR5aJGNsYXNzbmFtZVgkY2xhc3Nlc11OU011dGFibGVEYXRhox0fIFZOU0RhdGFYTlNPYmplY3TSGxwiI1xOU0RpY3Rpb25hcnmiIiBfEA9OU0tleWVkQXJjaGl2ZXLRJidUcm9vdIABAAgAEQAaACMALQAyADcAQABGAE0AVQBgAGcAagBsAG4AcQBzAHUAdwCEAI4ArwC0ALwCMgI0AjkCRAJNAlsCXwJmAm8CdAKBAoQClgKZAp4AAAAAAAACAQAAAAAAAAAoAAAAAAAAAAAAAAAAAAACoA==}}

@article{TFC+01,
	Author = {M.F. Tome and A. Castelo and J.A. Cuminato and N. Mangiavacchi and S. McKee},
	Date-Added = {2013-12-11 14:26:24 +0000},
	Date-Modified = {2014-05-20 12:00:24 +0000},
	Journal = {Journal of Computational Physics},
	Pages = {441-472},
	Title = {\text{GENSMAC3D}: a numerical method for solving unsteady three-dimensional free surface flows},
	Volume = {157},
	Year = {2000},
	Bdsk-File-1 = {YnBsaXN0MDDUAQIDBAUGJCVYJHZlcnNpb25YJG9iamVjdHNZJGFyY2hpdmVyVCR0b3ASAAGGoKgHCBMUFRYaIVUkbnVsbNMJCgsMDxJXTlMua2V5c1pOUy5vYmplY3RzViRjbGFzc6INDoACgAOiEBGABIAFgAdccmVsYXRpdmVQYXRoWWFsaWFzRGF0YV8QJy4uLy4uLy5UcmFzaC9pbnRybyAvVEZDKzAxX0dFTk1BQzNELnBkZtIXCxgZV05TLmRhdGFPEQGWAAAAAAGWAAIAAAxNYWNpbnRvc2ggSEQAAAAAAAAAAAAAAAAAAADIw0XXSCsAAAHh9JkTVEZDKzAxX0dFTk1BQzNELnBkZgAAAAAAAAAAAAAAAAAAAAAAAAAAAAAAAAAAAAAAAAAAAAAAAAAAAAAAAAAAAeIg7s7M6jBQREYgQ0FSTwACAAMAAAkgAAAAAAAAAAAAAAAAAAAABmludHJvIAAQAAgAAMjDKbcAAAARAAgAAM7M3CAAAAABABAB4fSZAVZe/AFSDZoAAJZCAAIAPE1hY2ludG9zaCBIRDpVc2VyczoAbWFpOgAuVHJhc2g6AGludHJvIDoAVEZDKzAxX0dFTk1BQzNELnBkZgAOACgAEwBUAEYAQwArADAAMQBfAEcARQBOAE0AQQBDADMARAAuAHAAZABmAA8AGgAMAE0AYQBjAGkAbgB0AG8AcwBoACAASABEABIAK1VzZXJzL21haS8uVHJhc2gvaW50cm8gL1RGQyswMV9HRU5NQUMzRC5wZGYAABMAAS8AABUAAgAK//8AAIAG0hscHR5aJGNsYXNzbmFtZVgkY2xhc3Nlc11OU011dGFibGVEYXRhox0fIFZOU0RhdGFYTlNPYmplY3TSGxwiI1xOU0RpY3Rpb25hcnmiIiBfEA9OU0tleWVkQXJjaGl2ZXLRJidUcm9vdIABAAgAEQAaACMALQAyADcAQABGAE0AVQBgAGcAagBsAG4AcQBzAHUAdwCEAI4AuAC9AMUCXwJhAmYCcQJ6AogCjAKTApwCoQKuArECwwLGAssAAAAAAAACAQAAAAAAAAAoAAAAAAAAAAAAAAAAAAACzQ==}}

@techreport{AH70,
	Author = {A.A. Amsden and F.H. Harlow},
	Date-Added = {2013-12-11 13:34:14 +0000},
	Date-Modified = {2014-05-20 10:15:34 +0000},
	Institution = {Los Alamos Scientific Laboratory},
	Title = {The \text{SMAC} method: a numerical technique for calculating incompressible fluid flows},
	Year = {1970}}

@article{HW65,
	Author = {F. H. Harlow and J. E. Welch},
	Date-Added = {2013-12-11 13:20:34 +0000},
	Date-Modified = {2013-12-11 15:27:47 +0000},
	Journal = {Physics of fluids},
	Number = {2182-2189},
	Title = {Numerical calculation of time-dependent viscous incompressible flow of fluid with free surface},
	Volume = {8},
	Year = {1965},
	Bdsk-File-1 = {YnBsaXN0MDDUAQIDBAUGJCVYJHZlcnNpb25YJG9iamVjdHNZJGFyY2hpdmVyVCR0b3ASAAGGoKgHCBMUFRYaIVUkbnVsbNMJCgsMDxJXTlMua2V5c1pOUy5vYmplY3RzViRjbGFzc6INDoACgAOiEBGABIAFgAdccmVsYXRpdmVQYXRoWWFsaWFzRGF0YV8QGS4uLy4uLy5UcmFzaC9IVzY1X01BQy5wZGbSFwsYGVdOUy5kYXRhTxEBaAAAAAABaAACAAAMTWFjaW50b3NoIEhEAAAAAAAAAAAAAAAAAAAAyMNF10grAAABVl78DEhXNjVfTUFDLnBkZgAAAAAAAAAAAAAAAAAAAAAAAAAAAAAAAAAAAAAAAAAAAAAAAAAAAAAAAAAAAAAAAAAAAAHiKv3OziGwUERGIENBUk8AAgACAAAJIAAAAAAAAAAAAAAAAAAAAAYuVHJhc2gAEAAIAADIwym3AAAAEQAIAADOzhOgAAAAAQAMAVZe/AFSDZoAAJZCAAIALU1hY2ludG9zaCBIRDpVc2VyczoAbWFpOgAuVHJhc2g6AEhXNjVfTUFDLnBkZgAADgAaAAwASABXADYANQBfAE0AQQBDAC4AcABkAGYADwAaAAwATQBhAGMAaQBuAHQAbwBzAGgAIABIAEQAEgAdVXNlcnMvbWFpLy5UcmFzaC9IVzY1X01BQy5wZGYAABMAAS8AABUAAgAK//8AAIAG0hscHR5aJGNsYXNzbmFtZVgkY2xhc3Nlc11OU011dGFibGVEYXRhox0fIFZOU0RhdGFYTlNPYmplY3TSGxwiI1xOU0RpY3Rpb25hcnmiIiBfEA9OU0tleWVkQXJjaGl2ZXLRJidUcm9vdIABAAgAEQAaACMALQAyADcAQABGAE0AVQBgAGcAagBsAG4AcQBzAHUAdwCEAI4AqgCvALcCIwIlAioCNQI+AkwCUAJXAmACZQJyAnUChwKKAo8AAAAAAAACAQAAAAAAAAAoAAAAAAAAAAAAAAAAAAACkQ==}}

@article{Rud97,
	Author = {MURRAY RUDMAN},
	Date-Added = {2013-12-10 08:53:54 +0000},
	Date-Modified = {2013-12-10 08:56:39 +0000},
	Journal = {International Journal for Numerical Methods in Fluids},
	Pages = {671-691},
	Title = {VOLUME-TRACKING METHODS FOR INTERFACIAL FLOW CALCULATIONS},
	Volume = {24}}

@conference{DF08,
	Address = {Sandia National Labs, Pittsburgh, PA},
	Author = {V. Ducrot and P. Frey},
	Date-Added = {2013-12-06 15:49:25 +0000},
	Date-Modified = {2014-07-25 13:46:25 +0000},
	Organization = {In Proc. 17th Int. Meshing Roundtable},
	Pages = {159-176},
	Title = {Anisotropic level set adaptation for accurate interface capturing},
	Year = {2008}}

@article{AF04,
	Author = {F. Alauzet and P. Frey},
	Date-Added = {2013-12-06 15:33:59 +0000},
	Date-Modified = {2013-12-06 15:43:08 +0000},
	Journal = {Computer Methods in Applied Mechanics and Engineering},
	Pages = {5068--5082},
	Title = {Anisotropic mesh adaptation for CFD computations},
	Volume = {194},
	Year = {2004}}

@book{FG08,
	Author = {P. Frey and P. L. George},
	Date-Added = {2013-12-06 15:25:59 +0000},
	Date-Modified = {2013-12-06 15:39:57 +0000},
	Edition = {2nd},
	Publisher = {Wiley},
	Title = {Mesh generation. Application to finite elements},
	Year = {2008}}

@book{EG04,
	Author = {A. Ern and J. L. Guermond},
	Date-Added = {2013-12-05 08:59:37 +0000},
	Date-Modified = {2014-05-20 09:21:22 +0000},
	Publisher = {Springer},
	Title = {Theory and Practice of Finite Elements},
	Volume = {159},
	Year = {2004},
	Bdsk-File-1 = {YnBsaXN0MDDUAQIDBAUGJCVYJHZlcnNpb25YJG9iamVjdHNZJGFyY2hpdmVyVCR0b3ASAAGGoKgHCBMUFRYaIVUkbnVsbNMJCgsMDxJXTlMua2V5c1pOUy5vYmplY3RzViRjbGFzc6INDoACgAOiEBGABIAFgAdccmVsYXRpdmVQYXRoWWFsaWFzRGF0YV8QdC4uLy4uLy4uL3JlZmVyZW5jZS9saXZyZS9BbGV4YW5kcmUgRXJuLCAgSmVhbi1MdWMgR3Vlcm1vbmQgIChhdXRoLikgVGhlb3J5IGFuZCBQcmFjdGljZSBvZiBGaW5pdGUgRWxlbWVudHMgIDIwMDQucGRm0hcLGBlXTlMuZGF0YU8RAn4AAAAAAn4AAgAADE1hY2ludG9zaCBIRAAAAAAAAAAAAAAAAAAAAMjDjCdIKwAAAgOKAh9BbGV4YW5kcmUgRXJuLCAgSmVhIzIwMzhBMEMucGRmAAAAAAAAAAAAAAAAAAAAAAAAAAAAAAAAAAAAAAAAAAACA4oMz3zkZAAAAAAAAAAAAAMAAwAACSAAAAAAAAAAAAAAAAAAAAAFbGl2cmUAABAACAAAyMMptwAAABEACAAAz3yB9AAAAAEAEAIDigIBZhTuAVINmgAAlkIAAgBKTWFjaW50b3NoIEhEOlVzZXJzOgBtYWk6AHJlZmVyZW5jZToAbGl2cmU6AEFsZXhhbmRyZSBFcm4sICBKZWEjMjAzOEEwQy5wZGYADgC4AFsAQQBsAGUAeABhAG4AZAByAGUAIABFAHIAbgAsACAAIABKAGUAYQBuAC0ATAB1AGMAIABHAHUAZQByAG0AbwBuAGQAIAAgACgAYQB1AHQAaAAuACkAIABUAGgAZQBvAHIAeQAgAGEAbgBkACAAUAByAGEAYwB0AGkAYwBlACAAbwBmACAARgBpAG4AaQB0AGUAIABFAGwAZQBtAGUAbgB0AHMAIAAgADIAMAAwADQALgBwAGQAZgAPABoADABNAGEAYwBpAG4AdABvAHMAaAAgAEgARAASAHVVc2Vycy9tYWkvcmVmZXJlbmNlL2xpdnJlL0FsZXhhbmRyZSBFcm4sICBKZWFuLUx1YyBHdWVybW9uZCAgKGF1dGguKSBUaGVvcnkgYW5kIFByYWN0aWNlIG9mIEZpbml0ZSBFbGVtZW50cyAgMjAwNC5wZGYAABMAAS8AABUAAgAK//8AAIAG0hscHR5aJGNsYXNzbmFtZVgkY2xhc3Nlc11OU011dGFibGVEYXRhox0fIFZOU0RhdGFYTlNPYmplY3TSGxwiI1xOU0RpY3Rpb25hcnmiIiBfEA9OU0tleWVkQXJjaGl2ZXLRJidUcm9vdIABAAgAEQAaACMALQAyADcAQABGAE0AVQBgAGcAagBsAG4AcQBzAHUAdwCEAI4BBQEKARIDlAOWA5sDpgOvA70DwQPIA9ED1gPjA+YD+AP7BAAAAAAAAAACAQAAAAAAAAAoAAAAAAAAAAAAAAAAAAAEAg==}}

@article{Gra04,
	Author = {V. Gravemeier, W.A. Wall, E. Ramm},
	Date-Added = {2013-11-04 13:13:13 +0000},
	Date-Modified = {2014-05-20 12:01:22 +0000},
	Journal = {Computer Methods in Applied Mechanics and Engineering},
	Number = {15-16},
	Pages = {1323-1366},
	Title = {A three-level finite element method for the instationary incompressible \text{Navier-Stokes} equations, Computer Methods in Applied Mechanics and Engineering},
	Volume = {193},
	Year = {2004}}

@article{ECG05,
	Author = {E. Erturk and T.C. Corke and C. Gokcol},
	Date-Added = {2013-11-04 09:21:53 +0000},
	Date-Modified = {2014-05-20 10:23:27 +0000},
	Journal = {International Journal for Numerical Methods in Fluids},
	Pages = {747-774},
	Title = {Numerical solutions of \text{2D} steady incompressible driven cavity flow at high \text{Reynolds} numbers},
	Volume = {48},
	Year = {2005}}

@article{LFX05,
	Author = {Q. Li and S. Fu and K. Xu},
	Date-Added = {2013-10-18 22:10:24 +0000},
	Date-Modified = {2014-05-20 09:33:21 +0000},
	Journal = {Journal of Computational Physics},
	Pages = {692-714},
	Title = {A compressible \text{Navier-Stokes} flow solver with scalar transport},
	Volume = {204},
	Year = {2005}}

@article{CCG08,
	Author = {C. Calgaro and E. Creus and T. Goudon},
	Date-Added = {2013-10-18 21:50:13 +0000},
	Date-Modified = {2014-04-17 21:05:53 +0000},
	Journal = {Journal of Computational Physics},
	Month = {April},
	Number = {9},
	Pages = {4671-4696},
	Title = {An Hybrid Finite Volume-Finite Element Method for Variable Density Incompressible Flows},
	Volume = {227},
	Year = {2008},
	Bdsk-File-1 = {YnBsaXN0MDDUAQIDBAUGJCVYJHZlcnNpb25YJG9iamVjdHNZJGFyY2hpdmVyVCR0b3ASAAGGoKgHCBMUFRYaIVUkbnVsbNMJCgsMDxJXTlMua2V5c1pOUy5vYmplY3RzViRjbGFzc6INDoACgAOiEBGABIAFgAdccmVsYXRpdmVQYXRoWWFsaWFzRGF0YV8QKy4uLy4uLy4uL3JlZmVyZW5jZS9SYXlsZWlnaFRheWxvci9DQ0cwOC5wZGbSFwsYGVdOUy5kYXRhTxEBjAAAAAABjAACAAAMTWFjaW50b3NoIEhEAAAAAAAAAAAAAAAAAAAAyMOMJ0grAAABjTepCUNDRzA4LnBkZgAAAAAAAAAAAAAAAAAAAAAAAAAAAAAAAAAAAAAAAAAAAAAAAAAAAAAAAAAAAAAAAAAAAAAAAAGdUmDNcY6tUERGIENBUk8AAwADAAAJIAAAAAAAAAAAAAAAAAAAAA5SYXlsZWlnaFRheWxvcgAQAAgAAMjDKbcAAAARAAgAAM1xLD0AAAABABABjTepAWYU7gFSDZoAAJZCAAIAPU1hY2ludG9zaCBIRDpVc2VyczoAbWFpOgByZWZlcmVuY2U6AFJheWxlaWdoVGF5bG9yOgBDQ0cwOC5wZGYAAA4AFAAJAEMAQwBHADAAOAAuAHAAZABmAA8AGgAMAE0AYQBjAGkAbgB0AG8AcwBoACAASABEABIALFVzZXJzL21haS9yZWZlcmVuY2UvUmF5bGVpZ2hUYXlsb3IvQ0NHMDgucGRmABMAAS8AABUAAgAK//8AAIAG0hscHR5aJGNsYXNzbmFtZVgkY2xhc3Nlc11OU011dGFibGVEYXRhox0fIFZOU0RhdGFYTlNPYmplY3TSGxwiI1xOU0RpY3Rpb25hcnmiIiBfEA9OU0tleWVkQXJjaGl2ZXLRJidUcm9vdIABAAgAEQAaACMALQAyADcAQABGAE0AVQBgAGcAagBsAG4AcQBzAHUAdwCEAI4AvADBAMkCWQJbAmACawJ0AoIChgKNApYCmwKoAqsCvQLAAsUAAAAAAAACAQAAAAAAAAAoAAAAAAAAAAAAAAAAAAACxw==}}

@article{LJG96,
	Author = {X.L. Li and B.X. Jin and J. Glimm},
	Date-Added = {2013-10-17 15:10:58 +0000},
	Date-Modified = {2014-05-20 11:58:03 +0000},
	Journal = {Journal of Computational Physics},
	Pages = {343-355},
	Title = {Numerical Study for the Three-Dimensional \text{Rayleigh-Taylor} Instability through the \text{TVD/AC} Scheme and Parallel Computation},
	Volume = {126},
	Year = {1996},
	Bdsk-File-1 = {YnBsaXN0MDDUAQIDBAUGJCVYJHZlcnNpb25YJG9iamVjdHNZJGFyY2hpdmVyVCR0b3ASAAGGoKgHCBMUFRYaIVUkbnVsbNMJCgsMDxJXTlMua2V5c1pOUy5vYmplY3RzViRjbGFzc6INDoACgAOiEBGABIAFgAdccmVsYXRpdmVQYXRoWWFsaWFzRGF0YW8QqQAuAC4ALwAuAC4ALwAuAC4ALwByAGUAZgBlAHIAZQBuAGMAZQAvAFIAYQB5AGwAZQBpAGcAaABUAGEAeQBsAG8AcgAvADMARABfAEwAaQAgAFgALgBMAC4ALAAgAE4AdQBtAGUAcgBpAGMAYQBsACAAUwB0AHUAZAB5ACAAZgBvAHIAIAB0AGgAZQAgAFQAaAByAGUAZQAtAEQAaQBtAGUAbgBzAGkAbwBuAGEAbAAgAFIAYQB5AGwAZQBpAGcAaCATAFQAYQB5AGwAbwByACAASQBuAHMAdABhAGIAaQBsAGkAdAB5ACAAdABoAHIAbwB1AGcAaAAgAHQAaABlACAAVABWAEQAQQBDACAAUwBjAGgAZQBtAGUAIABhAG4AZAAgAFAAYQByAGEAbABsAGUAbAAgAEMAbwBtAHAAdQB0AGEAdABpAG8AbgAuAHAAZABm0hcLGBlXTlMuZGF0YU8RAx4AAAAAAx4AAgAADE1hY2ludG9zaCBIRAAAAAAAAAAAAAAAAAAAAMjDjCdIKwAAAY03qR8zRF9MaSBYLkwuLCBOdW1lcmljIzFCRDEzQUIucGRmAAAAAAAAAAAAAAAAAAAAAAAAAAAAAAAAAAAAAAAAAAABvROrzgSIYFBERiBDQVJPAAMAAwAACSAAAAAAAAAAAAAAAAAAAAAOUmF5bGVpZ2hUYXlsb3IAEAAIAADIwym3AAAAEQAIAADOBCXwAAAAAQAQAY03qQFmFO4BUg2aAACWQgACAFNNYWNpbnRvc2ggSEQ6VXNlcnM6AG1haToAcmVmZXJlbmNlOgBSYXlsZWlnaFRheWxvcjoAM0RfTGkgWC5MLiwgTnVtZXJpYyMxQkQxM0FCLnBkZgAADgEQAIcAMwBEAF8ATABpACAAWAAuAEwALgAsACAATgB1AG0AZQByAGkAYwBhAGwAIABTAHQAdQBkAHkAIABmAG8AcgAgAHQAaABlACAAVABoAHIAZQBlAC0ARABpAG0AZQBuAHMAaQBvAG4AYQBsACAAUgBhAHkAbABlAGkAZwBoIBMAVABhAHkAbABvAHIAIABJAG4AcwB0AGEAYgBpAGwAaQB0AHkAIAB0AGgAcgBvAHUAZwBoACAAdABoAGUAIABUAFYARABBAEMAIABTAGMAaABlAG0AZQAgAGEAbgBkACAAUABhAHIAYQBsAGwAZQBsACAAQwBvAG0AcAB1AHQAYQB0AGkAbwBuAC4AcABkAGYADwAaAAwATQBhAGMAaQBuAHQAbwBzAGgAIABIAEQAEgCsVXNlcnMvbWFpL3JlZmVyZW5jZS9SYXlsZWlnaFRheWxvci8zRF9MaSBYLkwuLCBOdW1lcmljYWwgU3R1ZHkgZm9yIHRoZSBUaHJlZS1EaW1lbnNpb25hbCBSYXlsZWlnaOKAk1RheWxvciBJbnN0YWJpbGl0eSB0aHJvdWdoIHRoZSBUVkRBQyBTY2hlbWUgYW5kIFBhcmFsbGVsIENvbXB1dGF0aW9uLnBkZgATAAEvAAAVAAIACv//AACABtIbHB0eWiRjbGFzc25hbWVYJGNsYXNzZXNdTlNNdXRhYmxlRGF0YaMdHyBWTlNEYXRhWE5TT2JqZWN00hscIiNcTlNEaWN0aW9uYXJ5oiIgXxAPTlNLZXllZEFyY2hpdmVy0SYnVHJvb3SAAQAIABEAGgAjAC0AMgA3AEAARgBNAFUAYABnAGoAbABuAHEAcwB1AHcAhACOAeMB6AHwBRIFFAUZBSQFLQU7BT8FRgVPBVQFYQVkBXYFeQV+AAAAAAAAAgEAAAAAAAAAKAAAAAAAAAAAAAAAAAAABYA=}}

@article{FGQ01,
	Author = {Y. Fraigneau and J-L Guermond and L. Quartapelle},
	Date-Added = {2013-10-17 15:04:00 +0000},
	Date-Modified = {2014-04-14 13:58:38 +0000},
	Journal = {Communications in numerical methods in engineering},
	Pages = {983-902},
	Title = {Approximation of variable density incompressible flows by means of finite elements and finite volumes},
	Volume = {17},
	Year = {2001},
	Bdsk-File-1 = {YnBsaXN0MDDUAQIDBAUGJCVYJHZlcnNpb25YJG9iamVjdHNZJGFyY2hpdmVyVCR0b3ASAAGGoKgHCBMUFRYaIVUkbnVsbNMJCgsMDxJXTlMua2V5c1pOUy5vYmplY3RzViRjbGFzc6INDoACgAOiEBGABIAFgAdccmVsYXRpdmVQYXRoWWFsaWFzRGF0YV8QSS4uLy4uLy4uL3JlZmVyZW5jZS9SYXlsZWlnaFRheWxvci9ndWVybW9uZF9mcmFpZ25lYXVfcXVhcnRhcGVsbGVfMjAwMS5wZGbSFwsYGVdOUy5kYXRhTxEB/AAAAAAB/AACAAAMTWFjaW50b3NoIEhEAAAAAAAAAAAAAAAAAAAAyMOMJ0grAAABjTepH2d1ZXJtb25kX2ZyYWlnbmVhdV8jMUI5MUEyNi5wZGYAAAAAAAAAAAAAAAAAAAAAAAAAAAAAAAAAAAAAAAAAAAG5GibN73lZUERGIENBUk8AAwADAAAJIAAAAAAAAAAAAAAAAAAAAA5SYXlsZWlnaFRheWxvcgAQAAgAAMjDKbcAAAARAAgAAM3vFukAAAABABABjTepAWYU7gFSDZoAAJZCAAIAU01hY2ludG9zaCBIRDpVc2VyczoAbWFpOgByZWZlcmVuY2U6AFJheWxlaWdoVGF5bG9yOgBndWVybW9uZF9mcmFpZ25lYXVfIzFCOTFBMjYucGRmAAAOAFAAJwBnAHUAZQByAG0AbwBuAGQAXwBmAHIAYQBpAGcAbgBlAGEAdQBfAHEAdQBhAHIAdABhAHAAZQBsAGwAZQBfADIAMAAwADEALgBwAGQAZgAPABoADABNAGEAYwBpAG4AdABvAHMAaAAgAEgARAASAEpVc2Vycy9tYWkvcmVmZXJlbmNlL1JheWxlaWdoVGF5bG9yL2d1ZXJtb25kX2ZyYWlnbmVhdV9xdWFydGFwZWxsZV8yMDAxLnBkZgATAAEvAAAVAAIACv//AACABtIbHB0eWiRjbGFzc25hbWVYJGNsYXNzZXNdTlNNdXRhYmxlRGF0YaMdHyBWTlNEYXRhWE5TT2JqZWN00hscIiNcTlNEaWN0aW9uYXJ5oiIgXxAPTlNLZXllZEFyY2hpdmVy0SYnVHJvb3SAAQAIABEAGgAjAC0AMgA3AEAARgBNAFUAYABnAGoAbABuAHEAcwB1AHcAhACOANoA3wDnAucC6QLuAvkDAgMQAxQDGwMkAykDNgM5A0sDTgNTAAAAAAAAAgEAAAAAAAAAKAAAAAAAAAAAAAAAAAAAA1U=}}

@article{Try88,
	Author = {G. Tryggvason},
	Date-Added = {2013-10-17 15:00:36 +0000},
	Date-Modified = {2014-05-20 09:42:58 +0000},
	Journal = {Journal of Computational Physics},
	Pages = {253-282},
	Title = {Numerical simulation of the \text{Rayleigh-Taylor} instability},
	Volume = {75},
	Year = {1988}}

@article{Lee10,
	Author = {H.G. Lee and K. Kim and J. Kim},
	Date-Added = {2013-10-11 12:14:44 +0000},
	Date-Modified = {2014-05-20 09:35:06 +0000},
	Journal = {International Journal for Numerical Methods in Fluids},
	Pages = {1-25},
	Title = {On the long time simulation of the \text{Rayleigh-Taylor} instability},
	Volume = {00},
	Year = {2010}}

@article{HSL08,
	Author = {J. Hua and J. F. Stene and P. Lin},
	Date-Added = {2013-10-10 09:11:49 +0000},
	Date-Modified = {2014-05-20 11:53:20 +0000},
	Journal = {Journal of Computational Physics},
	Pages = {3358-3382},
	Title = {Numerical simulation of \text{3D} bubbles rising in viscous liquids using a front tracking method},
	Volume = {227},
	Year = {2008}}

@article{Luz10,
	Author = {T. Lee and L. Amaya-Bower},
	Date-Added = {2013-10-10 09:08:40 +0000},
	Date-Modified = {2014-10-03 13:40:40 +0000},
	Journal = {Journal of Computational Physics},
	Pages = {1191-1207},
	Title = {Single bubble rising dynamics for moderate \text{Reynolds} number using \text{Lattice Boltzmann} Method},
	Volume = {39},
	Year = {2010}}

@article{HSL07,
	Author = {J. Hua and J. F. Stene and P. Lin},
	Date-Added = {2013-10-09 15:35:20 +0000},
	Date-Modified = {2014-09-18 17:03:11 +0000},
	Journal = {Journal of Computational Physics},
	Pages = {769-795},
	Title = {Numerical simulation of bubble rising in viscous liquid},
	Volume = {222},
	Year = {2007}}

@article{Tang95,
	Author = {L.Q. Tang and T. Cheng and T.T.H. Tsang},
	Date-Added = {2013-09-29 21:33:44 +0000},
	Date-Modified = {2014-09-16 10:16:28 +0000},
	Journal = {International Journal for Numerical Methods in Fluids},
	Month = {september},
	Number = {5},
	Pages = {413-432},
	Title = {Transient solutions for three-dimensional lid-driven cavity flows by a least-squares finite element method},
	Volume = {21},
	Year = {1995}}

@article{Yang98,
	Author = {J-Y. Yang and S-C. Yang and Y-N. Chen and C-A. Hsu},
	Date-Added = {2013-09-29 21:26:52 +0000},
	Date-Modified = {2013-09-29 21:30:23 +0000},
	Journal = {Journal of Computational Physics},
	Month = {October},
	Number = {1},
	Pages = {464-487},
	Title = {Implicit Weighted ENO Schemes for the Three-Dimensional Incompressible Navier--Stokes Equations},
	Volume = {146},
	Year = {1998}}

@article{Ku87,
	Author = {H.C. Ku and R.S. Hirsh and T.D. Taylor},
	Date-Added = {2013-09-29 21:22:50 +0000},
	Date-Modified = {2014-05-20 09:32:17 +0000},
	Journal = {Journal of Computational Physics},
	Month = {June},
	Number = {2},
	Pages = {439-462},
	Title = {A pseudospectral method for solution of the three-dimensional incompressible \text{Navier-Stokes} equations},
	Volume = {70},
	Year = {1987}}

@article{Hac10,
	Author = {E. Hachem and B. Rivaux and T. Kloczko and H. Digonnet and T. Coupez},
	Date-Added = {2013-09-29 21:06:13 +0000},
	Date-Modified = {2014-05-20 11:51:42 +0000},
	Journal = {Journal of Computational Physics},
	Month = {November},
	Number = {23},
	Pages = {8643-8665},
	Title = {Stabilized finite element method for incompressible flows with high \text{Reynolds} number},
	Volume = {299},
	Year = {2010}}

@techreport{GM99,
	Author = {M. Gorazd and B. Mohammadi},
	Date-Added = {2013-09-25 21:50:38 +0000},
	Date-Modified = {2014-05-20 11:50:56 +0000},
	Institution = {INRIA Rocquencourt},
	Month = {March},
	Number = {3644},
	Title = {\text{NSIKE}- An Incompressible \text{Navier-Stokes} Solver for Unstructured Meshes},
	Year = {1999}}

@article{Ghia,
	Author = {U. Ghia, K.N. Ghia, C.T Shin},
	Date-Added = {2013-09-25 08:44:06 +0000},
	Date-Modified = {2014-05-20 09:43:33 +0000},
	Journal = {Journal of Computational Physics},
	Number = {3},
	Pages = {387-411},
	Title = {High-Resolution for incompressible flow using the \text{Navier-Stokes} equations and a multigrid method},
	Volume = {48},
	Year = {1982}}

@article{Rui01,
	Author = {H. Rui and M. Tabata},
	Date-Added = {2013-09-15 20:37:10 +0000},
	Date-Modified = {2013-09-15 20:42:46 +0000},
	Journal = {Numerische Mathematik},
	Month = {July},
	Number = {1},
	Pages = {161-177},
	Title = {A second order characteristic finite element scheme A second order characteristic finite element scheme for convection-diffusion problems},
	Volume = {92},
	Year = {2002}}

@phdthesis{Bui09,
	Author = {C. Bui},
	Date-Added = {2013-09-11 09:42:56 +0000},
	Date-Modified = {2014-07-01 13:52:04 +0000},
	School = {Universite Pierre et Marie Curie},
	Title = {Simulation des {\'e}coulements bifluides, une strat{\'e}gie de couplage bas{\'e}e sur l'adaptation de maillage anisotrope},
	Year = {2009},
	Bdsk-File-1 = {YnBsaXN0MDDUAQIDBAUGJCVYJHZlcnNpb25YJG9iamVjdHNZJGFyY2hpdmVyVCR0b3ASAAGGoKgHCBMUFRYaIVUkbnVsbNMJCgsMDxJXTlMua2V5c1pOUy5vYmplY3RzViRjbGFzc6INDoACgAOiEBGABIAFgAdccmVsYXRpdmVQYXRoWWFsaWFzRGF0YV8QMy4uLy4uLy4uL3JlZmVyZW5jZS9kb3NzaWVyIHNhbnMgdGl0cmUvdGhlc2lzQ3VjLnBkZtIXCxgZV05TLmRhdGFPEQGoAAAAAAGoAAIAAAxNYWNpbnRvc2ggSEQAAAAAAAAAAAAAAAAAAADIw4wnSCsAAAF/Wr4NdGhlc2lzQ3VjLnBkZgAAAAAAAAAAAAAAAAAAAAAAAAAAAAAAAAAAAAAAAAAAAAAAAAAAAAAAAAAAAAAAAAAAAXALPMyKKvBQREYgQ0FSTwADAAMAAAkgAAAAAAAAAAAAAAAAAAAAEmRvc3NpZXIgc2FucyB0aXRyZQAQAAgAAMjDKbcAAAARAAgAAMyJyIAAAAABABABf1q+AWYU7gFSDZoAAJZCAAIARU1hY2ludG9zaCBIRDpVc2VyczoAbWFpOgByZWZlcmVuY2U6AGRvc3NpZXIgc2FucyB0aXRyZToAdGhlc2lzQ3VjLnBkZgAADgAcAA0AdABoAGUAcwBpAHMAQwB1AGMALgBwAGQAZgAPABoADABNAGEAYwBpAG4AdABvAHMAaAAgAEgARAASADRVc2Vycy9tYWkvcmVmZXJlbmNlL2Rvc3NpZXIgc2FucyB0aXRyZS90aGVzaXNDdWMucGRmABMAAS8AABUAAgAK//8AAIAG0hscHR5aJGNsYXNzbmFtZVgkY2xhc3Nlc11OU011dGFibGVEYXRhox0fIFZOU0RhdGFYTlNPYmplY3TSGxwiI1xOU0RpY3Rpb25hcnmiIiBfEA9OU0tleWVkQXJjaGl2ZXLRJidUcm9vdIABAAgAEQAaACMALQAyADcAQABGAE0AVQBgAGcAagBsAG4AcQBzAHUAdwCEAI4AxADJANECfQJ/AoQCjwKYAqYCqgKxAroCvwLMAs8C4QLkAukAAAAAAAACAQAAAAAAAAAoAAAAAAAAAAAAAAAAAAAC6w==}}

@book{Set99,
	Author = {J.A. Sethian},
	Date-Added = {2013-09-07 15:50:48 +0000},
	Date-Modified = {2014-09-24 05:23:18 +0000},
	Publisher = {Cambridge University Press},
	Title = {Level Set Methods and Fast Marching Methods},
	Year = {1999}}

@article{BFM10,
	Author = {C. Bui and P. Frey and B. Maury},
	Date-Added = {2013-09-06 21:08:50 +0000},
	Date-Modified = {2013-09-06 21:21:09 +0000},
	Journal = {International Journal for Numerical Methods in Fluids},
	Month = {January},
	Number = {10},
	Pages = {1226-1247},
	Title = {A coupling strategy based on anisotropic mesh adaptation for solving two-fluid flows},
	Volume = {66},
	Year = {2010}}

@book{Qua09,
	Author = {A. Quarteroni},
	Chapter = {15},
	Date-Added = {2013-09-06 20:40:05 +0000},
	Date-Modified = {2014-05-20 09:41:00 +0000},
	Publisher = {Springer},
	Series = {MS-A},
	Title = {Numerical Models for Differential Problems},
	Volume = {2},
	Year = {2009},
	Bdsk-File-1 = {YnBsaXN0MDDUAQIDBAUGJCVYJHZlcnNpb25YJG9iamVjdHNZJGFyY2hpdmVyVCR0b3ASAAGGoKgHCBMUFRYaIVUkbnVsbNMJCgsMDxJXTlMua2V5c1pOUy5vYmplY3RzViRjbGFzc6INDoACgAOiEBGABIAFgAdccmVsYXRpdmVQYXRoWWFsaWFzRGF0YV8QNy4uLy4uLy4uL3JlZmVyZW5jZS9OYXZpZXJTdG9rZXMvUXVhLTA5LU5hdmllclN0b2tlcy5wZGbSFwsYGVdOUy5kYXRhTxEBvgAAAAABvgACAAAMTWFjaW50b3NoIEhEAAAAAAAAAAAAAAAAAAAAyMOMJ0grAAABbfjRF1F1YS0wOS1OYXZpZXJTdG9rZXMucGRmAAAAAAAAAAAAAAAAAAAAAAAAAAAAAAAAAAAAAAAAAAAAAAAAAAAAAAGNEnrMKO7zAAAAAAAAAAAAAwADAAAJIAAAAAAAAAAAAAAAAAAAAAxOYXZpZXJTdG9rZXMAEAAIAADIwym3AAAAEQAIAADMKIyDAAAAAQAQAW340QFmFO4BUg2aAACWQgACAElNYWNpbnRvc2ggSEQ6VXNlcnM6AG1haToAcmVmZXJlbmNlOgBOYXZpZXJTdG9rZXM6AFF1YS0wOS1OYXZpZXJTdG9rZXMucGRmAAAOADAAFwBRAHUAYQAtADAAOQAtAE4AYQB2AGkAZQByAFMAdABvAGsAZQBzAC4AcABkAGYADwAaAAwATQBhAGMAaQBuAHQAbwBzAGgAIABIAEQAEgA4VXNlcnMvbWFpL3JlZmVyZW5jZS9OYXZpZXJTdG9rZXMvUXVhLTA5LU5hdmllclN0b2tlcy5wZGYAEwABLwAAFQACAAr//wAAgAbSGxwdHlokY2xhc3NuYW1lWCRjbGFzc2VzXU5TTXV0YWJsZURhdGGjHR8gVk5TRGF0YVhOU09iamVjdNIbHCIjXE5TRGljdGlvbmFyeaIiIF8QD05TS2V5ZWRBcmNoaXZlctEmJ1Ryb290gAEACAARABoAIwAtADIANwBAAEYATQBVAGAAZwBqAGwAbgBxAHMAdQB3AIQAjgDIAM0A1QKXApkCngKpArICwALEAssC1ALZAuYC6QL7Av4DAwAAAAAAAAIBAAAAAAAAACgAAAAAAAAAAAAAAAAAAAMF}}

@article{BDF12,
	Author = {C.Bui and C. Dapogny and P. Frey},
	Date-Added = {2013-03-20 16:08:57 +0000},
	Date-Modified = {2013-12-16 20:41:06 +0000},
	Journal = {International Journal for Numerical Methods in Fluids},
	Number = {7},
	Pages = {899-922},
	Title = {An accurate anisotropic adaptation method for solving the level set advection equation},
	Volume = {70},
	Year = {2012},
	Bdsk-File-1 = {YnBsaXN0MDDUAQIDBAUGJCVYJHZlcnNpb25YJG9iamVjdHNZJGFyY2hpdmVyVCR0b3ASAAGGoKgHCBMUFRYaIVUkbnVsbNMJCgsMDxJXTlMua2V5c1pOUy5vYmplY3RzViRjbGFzc6INDoACgAOiEBGABIAFgAdccmVsYXRpdmVQYXRoWWFsaWFzRGF0YV8QLS4uLy4uLy4uL3JlZmVyZW5jZS9OYXZpZXJTdG9rZXMvYWR2ZWN0aW9uLnBkZtIXCxgZV05TLmRhdGFPEQGWAAAAAAGWAAIAAAxNYWNpbnRvc2ggSEQAAAAAAAAAAAAAAAAAAADIw4wnSCsAAAFt+NENYWR2ZWN0aW9uLnBkZgAAAAAAAAAAAAAAAAAAAAAAAAAAAAAAAAAAAAAAAAAAAAAAAAAAAAAAAAAAAAAAAAAAAYhK7s0LWRBQREYgQ0FSTwADAAMAAAkgAAAAAAAAAAAAAAAAAAAADE5hdmllclN0b2tlcwAQAAgAAMjDKbcAAAARAAgAAM0K9qAAAAABABABbfjRAWYU7gFSDZoAAJZCAAIAP01hY2ludG9zaCBIRDpVc2VyczoAbWFpOgByZWZlcmVuY2U6AE5hdmllclN0b2tlczoAYWR2ZWN0aW9uLnBkZgAADgAcAA0AYQBkAHYAZQBjAHQAaQBvAG4ALgBwAGQAZgAPABoADABNAGEAYwBpAG4AdABvAHMAaAAgAEgARAASAC5Vc2Vycy9tYWkvcmVmZXJlbmNlL05hdmllclN0b2tlcy9hZHZlY3Rpb24ucGRmABMAAS8AABUAAgAK//8AAIAG0hscHR5aJGNsYXNzbmFtZVgkY2xhc3Nlc11OU011dGFibGVEYXRhox0fIFZOU0RhdGFYTlNPYmplY3TSGxwiI1xOU0RpY3Rpb25hcnmiIiBfEA9OU0tleWVkQXJjaGl2ZXLRJidUcm9vdIABAAgAEQAaACMALQAyADcAQABGAE0AVQBgAGcAagBsAG4AcQBzAHUAdwCEAI4AvgDDAMsCZQJnAmwCdwKAAo4CkgKZAqICpwK0ArcCyQLMAtEAAAAAAAACAQAAAAAAAAAoAAAAAAAAAAAAAAAAAAAC0w==}}

@article{Pir82,
	Author = {O. Pironneau},
	Date-Added = {2013-03-20 14:56:10 +0000},
	Date-Modified = {2014-05-20 09:36:57 +0000},
	Journal = {Numerische Mathematik},
	Number = {3},
	Pages = {309-332},
	Title = {On the Transport-Diffusion Algorithm and Its Applications to the \text{Navier-Stokes} Equations},
	Volume = {38},
	Year = {1982},
	Bdsk-File-1 = {YnBsaXN0MDDUAQIDBAUGJCVYJHZlcnNpb25YJG9iamVjdHNZJGFyY2hpdmVyVCR0b3ASAAGGoKgHCBMUFRYaIVUkbnVsbNMJCgsMDxJXTlMua2V5c1pOUy5vYmplY3RzViRjbGFzc6INDoACgAOiEBGABIAFgAdccmVsYXRpdmVQYXRoWWFsaWFzRGF0YV8QRi4uLy4uLy4uL3JlZmVyZW5jZS9OYXZpZXJTdG9rZXMvUGlyODItVHJhbnNwb3J0LURpZmZ1c2lvbkFsZ29yaXRobS5wZGbSFwsYGVdOUy5kYXRhTxEB9AAAAAAB9AACAAAMTWFjaW50b3NoIEhEAAAAAAAAAAAAAAAAAAAAyMOMJ0grAAABbfjRH1BpcjgyLVRyYW5zcG9ydC1EaWYjMThBOUE4NC5wZGYAAAAAAAAAAAAAAAAAAAAAAAAAAAAAAAAAAAAAAAAAAAGKmoTNFenOUERGIENBUk8AAwADAAAJIAAAAAAAAAAAAAAAAAAAAAxOYXZpZXJTdG9rZXMAEAAIAADIwym3AAAAEQAIAADNFYdeAAAAAQAQAW340QFmFO4BUg2aAACWQgACAFFNYWNpbnRvc2ggSEQ6VXNlcnM6AG1haToAcmVmZXJlbmNlOgBOYXZpZXJTdG9rZXM6AFBpcjgyLVRyYW5zcG9ydC1EaWYjMThBOUE4NC5wZGYAAA4ATgAmAFAAaQByADgAMgAtAFQAcgBhAG4AcwBwAG8AcgB0AC0ARABpAGYAZgB1AHMAaQBvAG4AQQBsAGcAbwByAGkAdABoAG0ALgBwAGQAZgAPABoADABNAGEAYwBpAG4AdABvAHMAaAAgAEgARAASAEdVc2Vycy9tYWkvcmVmZXJlbmNlL05hdmllclN0b2tlcy9QaXI4Mi1UcmFuc3BvcnQtRGlmZnVzaW9uQWxnb3JpdGhtLnBkZgAAEwABLwAAFQACAAr//wAAgAbSGxwdHlokY2xhc3NuYW1lWCRjbGFzc2VzXU5TTXV0YWJsZURhdGGjHR8gVk5TRGF0YVhOU09iamVjdNIbHCIjXE5TRGljdGlvbmFyeaIiIF8QD05TS2V5ZWRBcmNoaXZlctEmJ1Ryb290gAEACAARABoAIwAtADIANwBAAEYATQBVAGAAZwBqAGwAbgBxAHMAdQB3AIQAjgDXANwA5ALcAt4C4wLuAvcDBQMJAxADGQMeAysDLgNAA0MDSAAAAAAAAAIBAAAAAAAAACgAAAAAAAAAAAAAAAAAAANK}}
	
@phdthesis{Ta15,
	Author = {M. Ta},
	Date-Added = {2018-05-15 09:09:10 +0000},
	Date-Modified = {2018-05-15 09:10:26 +0000},
	School = {Universit{\'e} Pierre et Marie Curie - Paris VI},
	Title = {Mod{\'e}lisation des probl{\`e}mes bi-fluides par la m{\'e}thode des lignes de niveau et l'adaptation du maillage : Application {\`a} l'optimisation des formes},
	Year = {2015}}

@book{All07b,
	Author = {G. Allaire},
	Publisher = {Oxford University Press},
	Series = {Numerical Mathematics and Scientific Computation},
	Title = {Numerical Analysis and Optimization. An introduction to mathematical modelling and numerical simulation},
	Year = {2007}}
	
@book{HP18,
	Author = {A. Henrot and M. Pierre},
	Publisher = {European Mathematical Society},
	Title = {Shape Variation and Optimization. A Geometrical Analysis},
	Year = {2018}}

@article{LMK97,
	Author = {H. Le and P. Moin and J. Kim},
	Journal = {J. Fluid Mech},
	Number = {349-374},
	Title = {Direct numerical simulation of turbulent flow over a backward-facing step},
	Volume = {330},
	Year = {1997}}
	
@article{ADPS83,
	Author = {B. F. Armaly and F. Durst and J. C. F. Pereira and B. Schonung},
	Journal = {J . Fluid Mech.},
	Pages = {473-496},
	Title = {Experimental and theoretical investigation of backward-facing step flow},
	Volume = {127},
	Year = {1983}}

@article{RR93,
author="Pierre, M. and Roche, J.R.",
title="Numerical simulation of tridimensional electromagnetic shaping of liquid metals",
journal="Numerische Mathematik",
year="1993",
month="Dec",
day="01",
volume="65",
number="1",
pages="203--217",
issn="0945-3245",
}

@article{Hes69,
author="Hestenes, M. R.",
title="Multiplier and gradient methods",
journal="Journal of Optimization Theory and Applications",
year="1969",
month="Nov",
day="01",
volume="4",
number="5",
pages="303--320",
issn="1573-2878",
}

@book{HN96,
  title={Finite Element Approximation for Optimal Shape, Material and Topology Design},
  author={Haslinger, J. and Neittaanm{\"a}ki, P.},
  isbn={9780471958505},
  lccn={lc95052091},
  year={1996},
  publisher={Wiley}
}

@article{DMNV07,
author = {G. Dogan and M. Pedro and R.H. Nochetto and M. Verani},
year = {2007},
month = {08},
pages = {3898-3914},
title = {Discrete gradient flows for shape optimization and applications},
volume = {196},
booktitle = {Computer Methods in Applied Mechanics and Engineering}
}

@Unpublished{DFOP17,
author = {C. Dapogny and P. Frey and F. Omn\`es and Y. Privat},
title = {Geometrical shape optimization in Fluid Mechanics using Freefem++, working paper or preprint},
year = {2017},
month = {03},
}

@article{SMP11,
author = {X. D. de La Sabloniere and B. Mauroy, and Y. Privat},
year = {2011},
pages = {767--799},
title = {Shape minimization of the dissipated energy in dyadic trees},
volume = {16},
journal = {Discrete and Continuous Dynamical Systems. Series B}
}

@book{Qua93,
title = { Numerical solution of the incompressible \text{Navier-Stokes} equations },
author = { Quartapelle, L. },
publisher = { Basel ; Boston : Birkh\"auser Verlag },
year = { 1993 },
language = { English }
}

@book{Tem77,
  title={Navier-Stokes Equations: Theory and Numerical Analysis},
  author={Temam, R.},
  series={Studies in mathematics and its applications},
  year={1979},
  publisher={North-Holland}
}

@book{FMRT01, 
place={Cambridge}, 
series={Encyclopedia of Mathematics and its Applications}, title={Navier-Stokes Equations and Turbulence}, 
publisher={Cambridge University Press}, 
author={Foias, C. and Manley, O. and Rosa, R. and Temam, R.}, year={2001}, 
collection={Encyclopedia of Mathematics and its Applications}
}

@book{QV94,
 author = {Quarteroni, A. M. and Valli, Alberto},
 title = {Numerical Approximation of Partial Differential Equations},
 year = {2008},
 isbn = {3540852670, 9783540852674},
 edition = {1st ed. 1994. 2nd printing},
 publisher = {Springer Publishing Company, Incorporated}
} 


@article{Lab09,
author = {A. Labovschii},
title = {A defect correction method for the time‐dependent Navier‐Stokes equations},
journal = {Numerical Methods for Partial Differential Equations},
volume = {25},
number = {1},
pages = {1-25},
year = {2009}
}

@article{HRK+10,
author = {E. Hachem and B. Rivaux and T. Kloczko and H. Digonnet and T. Coupez},
title = {Stabilized finite element method for incompressible flows with high Reynolds number},
journal = {Journal of Computational Physics},
volume = {229},
number = {23},
pages = {8643–8665},
month = {November},
year = {2010}
}

@InBook{STD+96,
author="Sch{\"a}fer, M. and Turek, S. and Durst, F. and Krause, E. and Rannacher, R.",
editor="Hirschel, Ernst Heinrich",
title="Benchmark Computations of Laminar Flow Around a Cylinder",
bookTitle="Flow Simulation with High-Performance Computers II: DFG Priority Research Programme Results 1993--1995",
year="1996",
publisher="Vieweg+Teubner Verlag",
address="Wiesbaden",
pages="547--566",
isbn="978-3-322-89849-4",
}


@article{SHW15,
author = {Z. Si and Y. He and Y. Wang},
title = {Modified characteristics mixed defect-correction finite element method for the time-dependent Navier–Stokes problems},
journal = {Applicable Analysis},
volume = {94},
number = {4},
pages = {701-724},
year  = {2015},
publisher = {Taylor & Francis},
}

@article {Hec12,
    AUTHOR = {Hecht, F.}, TITLE = {New development in FreeFem++},
   JOURNAL = {J. Numer. Math.},  FJOURNAL = {Journal of Numerical Mathematics},
    VOLUME = {20}, YEAR = {2012},
    NUMBER = {3-4}, PAGES = {251--265},
      ISSN = {1570-2820}, MRCLASS = {65Y15}, MRNUMBER = {3043640},
}

@article{AAA+14,
author = {A. Joe and A. Niels and A.C. Schousboe and S. Ole},
title = {Topology optimisation for natural convection problems},
journal = {International Journal for Numerical Methods in Fluids},
volume = {76},
number = {10},
year = {2014},
pages = {699-721},
}

@article{YWM13,
author = {W. Yan and A. Wang and Y. Ma},
title = {The Application of Shape Gradient for the Incompressible Fluid in Shape Optimization},
journal = {Mathematical Problems in Engineering},
volume = {2013},
year = {2013},
}